%YAML 1.1
%TAG !u! tag:unity3d.com,2011:
--- !u!29 &1
OcclusionCullingSettings:
  m_ObjectHideFlags: 0
  serializedVersion: 2
  m_OcclusionBakeSettings:
    smallestOccluder: 5
    smallestHole: 0.25
    backfaceThreshold: 100
  m_SceneGUID: 00000000000000000000000000000000
  m_OcclusionCullingData: {fileID: 0}
--- !u!104 &2
RenderSettings:
  m_ObjectHideFlags: 0
  serializedVersion: 8
  m_Fog: 0
  m_FogColor: {r: 0.5, g: 0.5, b: 0.5, a: 1}
  m_FogMode: 3
  m_FogDensity: 0.01
  m_LinearFogStart: 0
  m_LinearFogEnd: 300
  m_AmbientSkyColor: {r: 0.212, g: 0.227, b: 0.259, a: 1}
  m_AmbientEquatorColor: {r: 0.114, g: 0.125, b: 0.133, a: 1}
  m_AmbientGroundColor: {r: 0.047, g: 0.043, b: 0.035, a: 1}
  m_AmbientIntensity: 1
  m_AmbientMode: 0
  m_SubtractiveShadowColor: {r: 0.42, g: 0.478, b: 0.627, a: 1}
  m_SkyboxMaterial: {fileID: 10304, guid: 0000000000000000f000000000000000, type: 0}
  m_HaloStrength: 0.5
  m_FlareStrength: 1
  m_FlareFadeSpeed: 3
  m_HaloTexture: {fileID: 0}
  m_SpotCookie: {fileID: 10001, guid: 0000000000000000e000000000000000, type: 0}
  m_DefaultReflectionMode: 0
  m_DefaultReflectionResolution: 128
  m_ReflectionBounces: 1
  m_ReflectionIntensity: 1
  m_CustomReflection: {fileID: 0}
  m_Sun: {fileID: 0}
  m_IndirectSpecularColor: {r: 0.44657898, g: 0.4964133, b: 0.5748178, a: 1}
--- !u!157 &3
LightmapSettings:
  m_ObjectHideFlags: 0
  serializedVersion: 11
  m_GIWorkflowMode: 0
  m_GISettings:
    serializedVersion: 2
    m_BounceScale: 1
    m_IndirectOutputScale: 1
    m_AlbedoBoost: 1
    m_TemporalCoherenceThreshold: 1
    m_EnvironmentLightingMode: 0
    m_EnableBakedLightmaps: 1
    m_EnableRealtimeLightmaps: 1
  m_LightmapEditorSettings:
    serializedVersion: 9
    m_Resolution: 2
    m_BakeResolution: 40
    m_TextureWidth: 1024
    m_TextureHeight: 1024
    m_AO: 0
    m_AOMaxDistance: 1
    m_CompAOExponent: 1
    m_CompAOExponentDirect: 0
    m_Padding: 2
    m_LightmapParameters: {fileID: 0}
    m_LightmapsBakeMode: 1
    m_TextureCompression: 1
    m_FinalGather: 0
    m_FinalGatherFiltering: 1
    m_FinalGatherRayCount: 256
    m_ReflectionCompression: 2
    m_MixedBakeMode: 2
    m_BakeBackend: 0
    m_PVRSampling: 1
    m_PVRDirectSampleCount: 32
    m_PVRSampleCount: 500
    m_PVRBounces: 2
    m_PVRFilterTypeDirect: 0
    m_PVRFilterTypeIndirect: 0
    m_PVRFilterTypeAO: 0
    m_PVRFilteringMode: 1
    m_PVRCulling: 1
    m_PVRFilteringGaussRadiusDirect: 1
    m_PVRFilteringGaussRadiusIndirect: 5
    m_PVRFilteringGaussRadiusAO: 2
    m_PVRFilteringAtrousPositionSigmaDirect: 0.5
    m_PVRFilteringAtrousPositionSigmaIndirect: 2
    m_PVRFilteringAtrousPositionSigmaAO: 1
    m_ShowResolutionOverlay: 1
  m_LightingDataAsset: {fileID: 0}
  m_UseShadowmask: 1
--- !u!196 &4
NavMeshSettings:
  serializedVersion: 2
  m_ObjectHideFlags: 0
  m_BuildSettings:
    serializedVersion: 2
    agentTypeID: 0
    agentRadius: 0.5
    agentHeight: 2
    agentSlope: 45
    agentClimb: 0.4
    ledgeDropHeight: 0
    maxJumpAcrossDistance: 0
    minRegionArea: 2
    manualCellSize: 0
    cellSize: 0.16666667
    manualTileSize: 0
    tileSize: 256
    accuratePlacement: 0
    debug:
      m_Flags: 0
  m_NavMeshData: {fileID: 0}
--- !u!4 &86573937 stripped
Transform:
  m_PrefabParentObject: {fileID: 4124500948077478, guid: 6851eb42ea3dd9b418bc618f33f47ed2,
    type: 2}
  m_PrefabInternal: {fileID: 2122460909}
--- !u!1001 &88376548
Prefab:
  m_ObjectHideFlags: 0
  serializedVersion: 2
  m_Modification:
    m_TransformParent: {fileID: 1864363326}
    m_Modifications:
    - target: {fileID: 4124500948077478, guid: 6851eb42ea3dd9b418bc618f33f47ed2, type: 2}
      propertyPath: m_LocalPosition.x
      value: -21.9
      objectReference: {fileID: 0}
    - target: {fileID: 4124500948077478, guid: 6851eb42ea3dd9b418bc618f33f47ed2, type: 2}
      propertyPath: m_LocalPosition.y
      value: -9.1
      objectReference: {fileID: 0}
    - target: {fileID: 4124500948077478, guid: 6851eb42ea3dd9b418bc618f33f47ed2, type: 2}
      propertyPath: m_LocalPosition.z
      value: 0
      objectReference: {fileID: 0}
    - target: {fileID: 4124500948077478, guid: 6851eb42ea3dd9b418bc618f33f47ed2, type: 2}
      propertyPath: m_LocalRotation.x
      value: -0
      objectReference: {fileID: 0}
    - target: {fileID: 4124500948077478, guid: 6851eb42ea3dd9b418bc618f33f47ed2, type: 2}
      propertyPath: m_LocalRotation.y
      value: -0
      objectReference: {fileID: 0}
    - target: {fileID: 4124500948077478, guid: 6851eb42ea3dd9b418bc618f33f47ed2, type: 2}
      propertyPath: m_LocalRotation.z
      value: -0
      objectReference: {fileID: 0}
    - target: {fileID: 4124500948077478, guid: 6851eb42ea3dd9b418bc618f33f47ed2, type: 2}
      propertyPath: m_LocalRotation.w
      value: 1
      objectReference: {fileID: 0}
    - target: {fileID: 4124500948077478, guid: 6851eb42ea3dd9b418bc618f33f47ed2, type: 2}
      propertyPath: m_RootOrder
      value: 18
      objectReference: {fileID: 0}
    - target: {fileID: 1788913794834788, guid: 6851eb42ea3dd9b418bc618f33f47ed2, type: 2}
      propertyPath: m_Name
      value: Invader (18)
      objectReference: {fileID: 0}
    - target: {fileID: 4124500948077478, guid: 6851eb42ea3dd9b418bc618f33f47ed2, type: 2}
      propertyPath: m_LocalScale.x
      value: 2.38327
      objectReference: {fileID: 0}
    - target: {fileID: 4124500948077478, guid: 6851eb42ea3dd9b418bc618f33f47ed2, type: 2}
      propertyPath: m_LocalScale.y
      value: 2.38327
      objectReference: {fileID: 0}
    - target: {fileID: 4124500948077478, guid: 6851eb42ea3dd9b418bc618f33f47ed2, type: 2}
      propertyPath: m_LocalScale.z
      value: 2.38327
      objectReference: {fileID: 0}
    m_RemovedComponents: []
  m_ParentPrefab: {fileID: 100100000, guid: 6851eb42ea3dd9b418bc618f33f47ed2, type: 2}
  m_IsPrefabParent: 0
--- !u!4 &107744739 stripped
Transform:
  m_PrefabParentObject: {fileID: 4124500948077478, guid: 6851eb42ea3dd9b418bc618f33f47ed2,
    type: 2}
  m_PrefabInternal: {fileID: 811799103}
--- !u!1001 &111592121
Prefab:
  m_ObjectHideFlags: 0
  serializedVersion: 2
  m_Modification:
    m_TransformParent: {fileID: 1864363326}
    m_Modifications:
    - target: {fileID: 4124500948077478, guid: 6851eb42ea3dd9b418bc618f33f47ed2, type: 2}
      propertyPath: m_LocalPosition.x
      value: -16.5
      objectReference: {fileID: 0}
    - target: {fileID: 4124500948077478, guid: 6851eb42ea3dd9b418bc618f33f47ed2, type: 2}
      propertyPath: m_LocalPosition.y
      value: -9.1
      objectReference: {fileID: 0}
    - target: {fileID: 4124500948077478, guid: 6851eb42ea3dd9b418bc618f33f47ed2, type: 2}
      propertyPath: m_LocalPosition.z
      value: 0
      objectReference: {fileID: 0}
    - target: {fileID: 4124500948077478, guid: 6851eb42ea3dd9b418bc618f33f47ed2, type: 2}
      propertyPath: m_LocalRotation.x
      value: -0
      objectReference: {fileID: 0}
    - target: {fileID: 4124500948077478, guid: 6851eb42ea3dd9b418bc618f33f47ed2, type: 2}
      propertyPath: m_LocalRotation.y
      value: -0
      objectReference: {fileID: 0}
    - target: {fileID: 4124500948077478, guid: 6851eb42ea3dd9b418bc618f33f47ed2, type: 2}
      propertyPath: m_LocalRotation.z
      value: -0
      objectReference: {fileID: 0}
    - target: {fileID: 4124500948077478, guid: 6851eb42ea3dd9b418bc618f33f47ed2, type: 2}
      propertyPath: m_LocalRotation.w
      value: 1
      objectReference: {fileID: 0}
    - target: {fileID: 4124500948077478, guid: 6851eb42ea3dd9b418bc618f33f47ed2, type: 2}
      propertyPath: m_RootOrder
      value: 19
      objectReference: {fileID: 0}
    - target: {fileID: 1788913794834788, guid: 6851eb42ea3dd9b418bc618f33f47ed2, type: 2}
      propertyPath: m_Name
      value: Invader (19)
      objectReference: {fileID: 0}
    - target: {fileID: 4124500948077478, guid: 6851eb42ea3dd9b418bc618f33f47ed2, type: 2}
      propertyPath: m_LocalScale.x
      value: 2.38327
      objectReference: {fileID: 0}
    - target: {fileID: 4124500948077478, guid: 6851eb42ea3dd9b418bc618f33f47ed2, type: 2}
      propertyPath: m_LocalScale.y
      value: 2.38327
      objectReference: {fileID: 0}
    - target: {fileID: 4124500948077478, guid: 6851eb42ea3dd9b418bc618f33f47ed2, type: 2}
      propertyPath: m_LocalScale.z
      value: 2.38327
      objectReference: {fileID: 0}
    m_RemovedComponents: []
  m_ParentPrefab: {fileID: 100100000, guid: 6851eb42ea3dd9b418bc618f33f47ed2, type: 2}
  m_IsPrefabParent: 0
--- !u!4 &119508578 stripped
Transform:
  m_PrefabParentObject: {fileID: 4124500948077478, guid: 6851eb42ea3dd9b418bc618f33f47ed2,
    type: 2}
  m_PrefabInternal: {fileID: 906914676}
--- !u!1 &151580935
GameObject:
  m_ObjectHideFlags: 0
  m_PrefabParentObject: {fileID: 0}
  m_PrefabInternal: {fileID: 0}
  serializedVersion: 5
  m_Component:
  - component: {fileID: 151580937}
  - component: {fileID: 151580936}
  m_Layer: 0
  m_Name: Directional Light
  m_TagString: Untagged
  m_Icon: {fileID: 0}
  m_NavMeshLayer: 0
  m_StaticEditorFlags: 0
  m_IsActive: 1
--- !u!108 &151580936
Light:
  m_ObjectHideFlags: 0
  m_PrefabParentObject: {fileID: 0}
  m_PrefabInternal: {fileID: 0}
  m_GameObject: {fileID: 151580935}
  m_Enabled: 1
  serializedVersion: 8
  m_Type: 1
  m_Color: {r: 1, g: 0.95686275, b: 0.8392157, a: 1}
  m_Intensity: 1
  m_Range: 10
  m_SpotAngle: 30
  m_CookieSize: 10
  m_Shadows:
    m_Type: 2
    m_Resolution: -1
    m_CustomResolution: -1
    m_Strength: 1
    m_Bias: 0.05
    m_NormalBias: 0.4
    m_NearPlane: 0.2
  m_Cookie: {fileID: 0}
  m_DrawHalo: 0
  m_Flare: {fileID: 0}
  m_RenderMode: 0
  m_CullingMask:
    serializedVersion: 2
    m_Bits: 4294967295
  m_Lightmapping: 4
  m_AreaSize: {x: 1, y: 1}
  m_BounceIntensity: 1
  m_ColorTemperature: 6570
  m_UseColorTemperature: 0
  m_ShadowRadius: 0
  m_ShadowAngle: 0
--- !u!4 &151580937
Transform:
  m_ObjectHideFlags: 0
  m_PrefabParentObject: {fileID: 0}
  m_PrefabInternal: {fileID: 0}
  m_GameObject: {fileID: 151580935}
  m_LocalRotation: {x: 0.40821788, y: -0.23456968, z: 0.10938163, w: 0.8754261}
  m_LocalPosition: {x: -6, y: 2, z: 46.4}
  m_LocalScale: {x: 1, y: 1, z: 1}
  m_Children: []
  m_Father: {fileID: 1885926016}
  m_RootOrder: 0
  m_LocalEulerAnglesHint: {x: 50, y: -30, z: 0}
--- !u!4 &186445909 stripped
Transform:
  m_PrefabParentObject: {fileID: 4124500948077478, guid: 6851eb42ea3dd9b418bc618f33f47ed2,
    type: 2}
  m_PrefabInternal: {fileID: 523478614}
--- !u!4 &212964567 stripped
Transform:
  m_PrefabParentObject: {fileID: 4124500948077478, guid: 6851eb42ea3dd9b418bc618f33f47ed2,
    type: 2}
  m_PrefabInternal: {fileID: 1749120053}
--- !u!1 &216566713
GameObject:
  m_ObjectHideFlags: 0
  m_PrefabParentObject: {fileID: 0}
  m_PrefabInternal: {fileID: 0}
  serializedVersion: 5
  m_Component:
  - component: {fileID: 216566714}
  - component: {fileID: 216566716}
  - component: {fileID: 216566715}
  m_Layer: 0
  m_Name: bottom
  m_TagString: Untagged
  m_Icon: {fileID: 0}
  m_NavMeshLayer: 0
  m_StaticEditorFlags: 0
  m_IsActive: 1
--- !u!4 &216566714
Transform:
  m_ObjectHideFlags: 0
  m_PrefabParentObject: {fileID: 0}
  m_PrefabInternal: {fileID: 0}
  m_GameObject: {fileID: 216566713}
  m_LocalRotation: {x: -0, y: -0, z: -0, w: 1}
  m_LocalPosition: {x: 7.9, y: -2.9, z: 0}
  m_LocalScale: {x: 71.62501, y: 3.2874942, z: 1}
  m_Children: []
  m_Father: {fileID: 723633050}
  m_RootOrder: 1
  m_LocalEulerAnglesHint: {x: 0, y: 0, z: 0}
--- !u!54 &216566715
Rigidbody:
  m_ObjectHideFlags: 0
  m_PrefabParentObject: {fileID: 0}
  m_PrefabInternal: {fileID: 0}
  m_GameObject: {fileID: 216566713}
  serializedVersion: 2
  m_Mass: 1000
  m_Drag: 0
  m_AngularDrag: 0.05
  m_UseGravity: 0
  m_IsKinematic: 1
  m_Interpolate: 0
  m_Constraints: 0
  m_CollisionDetection: 0
--- !u!65 &216566716
BoxCollider:
  m_ObjectHideFlags: 0
  m_PrefabParentObject: {fileID: 0}
  m_PrefabInternal: {fileID: 0}
  m_GameObject: {fileID: 216566713}
  m_Material: {fileID: 0}
  m_IsTrigger: 0
  m_Enabled: 1
  serializedVersion: 2
  m_Size: {x: 1, y: 1, z: 1}
  m_Center: {x: 0, y: 0, z: 0}
--- !u!1001 &293337223
Prefab:
  m_ObjectHideFlags: 0
  serializedVersion: 2
  m_Modification:
    m_TransformParent: {fileID: 1864363326}
    m_Modifications:
    - target: {fileID: 4124500948077478, guid: 6851eb42ea3dd9b418bc618f33f47ed2, type: 2}
      propertyPath: m_LocalPosition.x
      value: -16.5
      objectReference: {fileID: 0}
    - target: {fileID: 4124500948077478, guid: 6851eb42ea3dd9b418bc618f33f47ed2, type: 2}
      propertyPath: m_LocalPosition.y
      value: 0
      objectReference: {fileID: 0}
    - target: {fileID: 4124500948077478, guid: 6851eb42ea3dd9b418bc618f33f47ed2, type: 2}
      propertyPath: m_LocalPosition.z
      value: 0
      objectReference: {fileID: 0}
    - target: {fileID: 4124500948077478, guid: 6851eb42ea3dd9b418bc618f33f47ed2, type: 2}
      propertyPath: m_LocalRotation.x
      value: -0
      objectReference: {fileID: 0}
    - target: {fileID: 4124500948077478, guid: 6851eb42ea3dd9b418bc618f33f47ed2, type: 2}
      propertyPath: m_LocalRotation.y
      value: -0
      objectReference: {fileID: 0}
    - target: {fileID: 4124500948077478, guid: 6851eb42ea3dd9b418bc618f33f47ed2, type: 2}
      propertyPath: m_LocalRotation.z
      value: -0
      objectReference: {fileID: 0}
    - target: {fileID: 4124500948077478, guid: 6851eb42ea3dd9b418bc618f33f47ed2, type: 2}
      propertyPath: m_LocalRotation.w
      value: 1
      objectReference: {fileID: 0}
    - target: {fileID: 4124500948077478, guid: 6851eb42ea3dd9b418bc618f33f47ed2, type: 2}
      propertyPath: m_RootOrder
      value: 3
      objectReference: {fileID: 0}
    - target: {fileID: 1788913794834788, guid: 6851eb42ea3dd9b418bc618f33f47ed2, type: 2}
      propertyPath: m_Name
      value: Invader (3)
      objectReference: {fileID: 0}
    - target: {fileID: 4124500948077478, guid: 6851eb42ea3dd9b418bc618f33f47ed2, type: 2}
      propertyPath: m_LocalScale.x
      value: 2.38327
      objectReference: {fileID: 0}
    - target: {fileID: 4124500948077478, guid: 6851eb42ea3dd9b418bc618f33f47ed2, type: 2}
      propertyPath: m_LocalScale.y
      value: 2.38327
      objectReference: {fileID: 0}
    - target: {fileID: 4124500948077478, guid: 6851eb42ea3dd9b418bc618f33f47ed2, type: 2}
      propertyPath: m_LocalScale.z
      value: 2.38327
      objectReference: {fileID: 0}
    m_RemovedComponents: []
  m_ParentPrefab: {fileID: 100100000, guid: 6851eb42ea3dd9b418bc618f33f47ed2, type: 2}
  m_IsPrefabParent: 0
--- !u!4 &327831296 stripped
Transform:
  m_PrefabParentObject: {fileID: 4124500948077478, guid: 6851eb42ea3dd9b418bc618f33f47ed2,
    type: 2}
  m_PrefabInternal: {fileID: 1324935672}
--- !u!4 &347630469 stripped
Transform:
  m_PrefabParentObject: {fileID: 4124500948077478, guid: 6851eb42ea3dd9b418bc618f33f47ed2,
    type: 2}
  m_PrefabInternal: {fileID: 680891246}
--- !u!1 &350973823
GameObject:
  m_ObjectHideFlags: 0
  m_PrefabParentObject: {fileID: 0}
  m_PrefabInternal: {fileID: 0}
  serializedVersion: 5
  m_Component:
  - component: {fileID: 350973824}
  - component: {fileID: 350973826}
  - component: {fileID: 350973825}
  m_Layer: 0
  m_Name: top
  m_TagString: Untagged
  m_Icon: {fileID: 0}
  m_NavMeshLayer: 0
  m_StaticEditorFlags: 0
  m_IsActive: 1
--- !u!4 &350973824
Transform:
  m_ObjectHideFlags: 0
  m_PrefabParentObject: {fileID: 0}
  m_PrefabInternal: {fileID: 0}
  m_GameObject: {fileID: 350973823}
  m_LocalRotation: {x: -0, y: -0, z: -0, w: 1}
  m_LocalPosition: {x: 7.8999996, y: 39.7, z: 0}
  m_LocalScale: {x: 71.62501, y: 1, z: 1}
  m_Children: []
  m_Father: {fileID: 723633050}
  m_RootOrder: 3
  m_LocalEulerAnglesHint: {x: 0, y: 0, z: 0}
--- !u!54 &350973825
Rigidbody:
  m_ObjectHideFlags: 0
  m_PrefabParentObject: {fileID: 0}
  m_PrefabInternal: {fileID: 0}
  m_GameObject: {fileID: 350973823}
  serializedVersion: 2
  m_Mass: 1000
  m_Drag: 0
  m_AngularDrag: 0.05
  m_UseGravity: 0
  m_IsKinematic: 1
  m_Interpolate: 0
  m_Constraints: 0
  m_CollisionDetection: 0
--- !u!65 &350973826
BoxCollider:
  m_ObjectHideFlags: 0
  m_PrefabParentObject: {fileID: 0}
  m_PrefabInternal: {fileID: 0}
  m_GameObject: {fileID: 350973823}
  m_Material: {fileID: 0}
  m_IsTrigger: 0
  m_Enabled: 1
  serializedVersion: 2
  m_Size: {x: 1, y: 1, z: 1}
  m_Center: {x: 0, y: 0, z: 0}
--- !u!1 &353501766
GameObject:
  m_ObjectHideFlags: 0
  m_PrefabParentObject: {fileID: 0}
  m_PrefabInternal: {fileID: 0}
  serializedVersion: 5
  m_Component:
  - component: {fileID: 353501770}
  - component: {fileID: 353501769}
  - component: {fileID: 353501768}
  - component: {fileID: 353501767}
  - component: {fileID: 353501771}
  - component: {fileID: 353501772}
  m_Layer: 0
  m_Name: Player
  m_TagString: Untagged
  m_Icon: {fileID: 0}
  m_NavMeshLayer: 0
  m_StaticEditorFlags: 0
  m_IsActive: 1
--- !u!23 &353501767
MeshRenderer:
  m_ObjectHideFlags: 0
  m_PrefabParentObject: {fileID: 0}
  m_PrefabInternal: {fileID: 0}
  m_GameObject: {fileID: 353501766}
  m_Enabled: 1
  m_CastShadows: 1
  m_ReceiveShadows: 1
  m_DynamicOccludee: 1
  m_MotionVectors: 1
  m_LightProbeUsage: 1
  m_ReflectionProbeUsage: 1
  m_Materials:
  - {fileID: 2100000, guid: 431dd32b4f08a4f438ebfe785088161a, type: 2}
  m_StaticBatchInfo:
    firstSubMesh: 0
    subMeshCount: 0
  m_StaticBatchRoot: {fileID: 0}
  m_ProbeAnchor: {fileID: 0}
  m_LightProbeVolumeOverride: {fileID: 0}
  m_ScaleInLightmap: 1
  m_PreserveUVs: 1
  m_IgnoreNormalsForChartDetection: 0
  m_ImportantGI: 0
  m_StitchLightmapSeams: 0
  m_SelectedEditorRenderState: 3
  m_MinimumChartSize: 4
  m_AutoUVMaxDistance: 0.5
  m_AutoUVMaxAngle: 89
  m_LightmapParameters: {fileID: 0}
  m_SortingLayerID: 0
  m_SortingLayer: 0
  m_SortingOrder: 0
--- !u!65 &353501768
BoxCollider:
  m_ObjectHideFlags: 0
  m_PrefabParentObject: {fileID: 0}
  m_PrefabInternal: {fileID: 0}
  m_GameObject: {fileID: 353501766}
  m_Material: {fileID: 0}
  m_IsTrigger: 0
  m_Enabled: 1
  serializedVersion: 2
  m_Size: {x: 1, y: 1, z: 1}
  m_Center: {x: 0, y: 0, z: 0}
--- !u!33 &353501769
MeshFilter:
  m_ObjectHideFlags: 0
  m_PrefabParentObject: {fileID: 0}
  m_PrefabInternal: {fileID: 0}
  m_GameObject: {fileID: 353501766}
  m_Mesh: {fileID: 10202, guid: 0000000000000000e000000000000000, type: 0}
--- !u!4 &353501770
Transform:
  m_ObjectHideFlags: 0
  m_PrefabParentObject: {fileID: 0}
  m_PrefabInternal: {fileID: 0}
  m_GameObject: {fileID: 353501766}
  m_LocalRotation: {x: 0, y: 0, z: 0, w: 1}
  m_LocalPosition: {x: -7.72, y: -15, z: 0}
  m_LocalScale: {x: 1, y: 1, z: 1}
  m_Children: []
  m_Father: {fileID: 0}
  m_RootOrder: 2
  m_LocalEulerAnglesHint: {x: 0, y: 0, z: 0}
--- !u!114 &353501771
MonoBehaviour:
  m_ObjectHideFlags: 0
  m_PrefabParentObject: {fileID: 0}
  m_PrefabInternal: {fileID: 0}
  m_GameObject: {fileID: 353501766}
  m_Enabled: 1
  m_EditorHideFlags: 0
  m_Script: {fileID: 11500000, guid: e23cd19d6fbf38e44b13dca88f239a78, type: 3}
  m_Name: 
  m_EditorClassIdentifier: 
  m_MoveRateMetersPerSecond: {x: 20, y: 0, z: 0}
  m_MovementRateSmoothTime: 0.25
  m_LaserManager: {fileID: 1888614903}
  m_FireLaserOffset: {x: 0, y: 1, z: 0}
--- !u!54 &353501772
Rigidbody:
  m_ObjectHideFlags: 0
  m_PrefabParentObject: {fileID: 0}
  m_PrefabInternal: {fileID: 0}
  m_GameObject: {fileID: 353501766}
  serializedVersion: 2
  m_Mass: 1
  m_Drag: 0
  m_AngularDrag: 0.05
  m_UseGravity: 0
  m_IsKinematic: 0
  m_Interpolate: 2
  m_Constraints: 120
  m_CollisionDetection: 0
--- !u!4 &435004276 stripped
Transform:
  m_PrefabParentObject: {fileID: 4124500948077478, guid: 6851eb42ea3dd9b418bc618f33f47ed2,
    type: 2}
  m_PrefabInternal: {fileID: 293337223}
--- !u!4 &440906858 stripped
Transform:
  m_PrefabParentObject: {fileID: 4124500948077478, guid: 6851eb42ea3dd9b418bc618f33f47ed2,
    type: 2}
  m_PrefabInternal: {fileID: 111592121}
--- !u!4 &480146068 stripped
Transform:
  m_PrefabParentObject: {fileID: 4124500948077478, guid: 6851eb42ea3dd9b418bc618f33f47ed2,
    type: 2}
  m_PrefabInternal: {fileID: 1700579262}
--- !u!4 &487892106 stripped
Transform:
  m_PrefabParentObject: {fileID: 4124500948077478, guid: 6851eb42ea3dd9b418bc618f33f47ed2,
    type: 2}
  m_PrefabInternal: {fileID: 1499491918}
--- !u!1001 &523478614
Prefab:
  m_ObjectHideFlags: 0
  serializedVersion: 2
  m_Modification:
    m_TransformParent: {fileID: 1864363326}
    m_Modifications:
    - target: {fileID: 4124500948077478, guid: 6851eb42ea3dd9b418bc618f33f47ed2, type: 2}
      propertyPath: m_LocalPosition.x
      value: -11.199999
      objectReference: {fileID: 0}
    - target: {fileID: 4124500948077478, guid: 6851eb42ea3dd9b418bc618f33f47ed2, type: 2}
      propertyPath: m_LocalPosition.y
      value: -4.3999996
      objectReference: {fileID: 0}
    - target: {fileID: 4124500948077478, guid: 6851eb42ea3dd9b418bc618f33f47ed2, type: 2}
      propertyPath: m_LocalPosition.z
      value: 0
      objectReference: {fileID: 0}
    - target: {fileID: 4124500948077478, guid: 6851eb42ea3dd9b418bc618f33f47ed2, type: 2}
      propertyPath: m_LocalRotation.x
      value: -0
      objectReference: {fileID: 0}
    - target: {fileID: 4124500948077478, guid: 6851eb42ea3dd9b418bc618f33f47ed2, type: 2}
      propertyPath: m_LocalRotation.y
      value: -0
      objectReference: {fileID: 0}
    - target: {fileID: 4124500948077478, guid: 6851eb42ea3dd9b418bc618f33f47ed2, type: 2}
      propertyPath: m_LocalRotation.z
      value: -0
      objectReference: {fileID: 0}
    - target: {fileID: 4124500948077478, guid: 6851eb42ea3dd9b418bc618f33f47ed2, type: 2}
      propertyPath: m_LocalRotation.w
      value: 1
      objectReference: {fileID: 0}
    - target: {fileID: 4124500948077478, guid: 6851eb42ea3dd9b418bc618f33f47ed2, type: 2}
      propertyPath: m_RootOrder
      value: 12
      objectReference: {fileID: 0}
    - target: {fileID: 1788913794834788, guid: 6851eb42ea3dd9b418bc618f33f47ed2, type: 2}
      propertyPath: m_Name
      value: Invader (12)
      objectReference: {fileID: 0}
    - target: {fileID: 4124500948077478, guid: 6851eb42ea3dd9b418bc618f33f47ed2, type: 2}
      propertyPath: m_LocalScale.x
      value: 2.38327
      objectReference: {fileID: 0}
    - target: {fileID: 4124500948077478, guid: 6851eb42ea3dd9b418bc618f33f47ed2, type: 2}
      propertyPath: m_LocalScale.y
      value: 2.38327
      objectReference: {fileID: 0}
    - target: {fileID: 4124500948077478, guid: 6851eb42ea3dd9b418bc618f33f47ed2, type: 2}
      propertyPath: m_LocalScale.z
      value: 2.38327
      objectReference: {fileID: 0}
    m_RemovedComponents: []
  m_ParentPrefab: {fileID: 100100000, guid: 6851eb42ea3dd9b418bc618f33f47ed2, type: 2}
  m_IsPrefabParent: 0
--- !u!1001 &671398522
Prefab:
  m_ObjectHideFlags: 0
  serializedVersion: 2
  m_Modification:
    m_TransformParent: {fileID: 1864363326}
    m_Modifications:
    - target: {fileID: 4124500948077478, guid: 6851eb42ea3dd9b418bc618f33f47ed2, type: 2}
      propertyPath: m_LocalPosition.x
      value: -26.9
      objectReference: {fileID: 0}
    - target: {fileID: 4124500948077478, guid: 6851eb42ea3dd9b418bc618f33f47ed2, type: 2}
      propertyPath: m_LocalPosition.y
      value: -9.1
      objectReference: {fileID: 0}
    - target: {fileID: 4124500948077478, guid: 6851eb42ea3dd9b418bc618f33f47ed2, type: 2}
      propertyPath: m_LocalPosition.z
      value: 0
      objectReference: {fileID: 0}
    - target: {fileID: 4124500948077478, guid: 6851eb42ea3dd9b418bc618f33f47ed2, type: 2}
      propertyPath: m_LocalRotation.x
      value: -0
      objectReference: {fileID: 0}
    - target: {fileID: 4124500948077478, guid: 6851eb42ea3dd9b418bc618f33f47ed2, type: 2}
      propertyPath: m_LocalRotation.y
      value: -0
      objectReference: {fileID: 0}
    - target: {fileID: 4124500948077478, guid: 6851eb42ea3dd9b418bc618f33f47ed2, type: 2}
      propertyPath: m_LocalRotation.z
      value: -0
      objectReference: {fileID: 0}
    - target: {fileID: 4124500948077478, guid: 6851eb42ea3dd9b418bc618f33f47ed2, type: 2}
      propertyPath: m_LocalRotation.w
      value: 1
      objectReference: {fileID: 0}
    - target: {fileID: 4124500948077478, guid: 6851eb42ea3dd9b418bc618f33f47ed2, type: 2}
      propertyPath: m_RootOrder
      value: 17
      objectReference: {fileID: 0}
    - target: {fileID: 1788913794834788, guid: 6851eb42ea3dd9b418bc618f33f47ed2, type: 2}
      propertyPath: m_Name
      value: Invader (17)
      objectReference: {fileID: 0}
    - target: {fileID: 4124500948077478, guid: 6851eb42ea3dd9b418bc618f33f47ed2, type: 2}
      propertyPath: m_LocalScale.x
      value: 2.38327
      objectReference: {fileID: 0}
    - target: {fileID: 4124500948077478, guid: 6851eb42ea3dd9b418bc618f33f47ed2, type: 2}
      propertyPath: m_LocalScale.y
      value: 2.38327
      objectReference: {fileID: 0}
    - target: {fileID: 4124500948077478, guid: 6851eb42ea3dd9b418bc618f33f47ed2, type: 2}
      propertyPath: m_LocalScale.z
      value: 2.38327
      objectReference: {fileID: 0}
    m_RemovedComponents: []
  m_ParentPrefab: {fileID: 100100000, guid: 6851eb42ea3dd9b418bc618f33f47ed2, type: 2}
  m_IsPrefabParent: 0
--- !u!1001 &680891246
Prefab:
  m_ObjectHideFlags: 0
  serializedVersion: 2
  m_Modification:
    m_TransformParent: {fileID: 1864363326}
    m_Modifications:
    - target: {fileID: 4124500948077478, guid: 6851eb42ea3dd9b418bc618f33f47ed2, type: 2}
      propertyPath: m_LocalPosition.x
      value: -21.9
      objectReference: {fileID: 0}
    - target: {fileID: 4124500948077478, guid: 6851eb42ea3dd9b418bc618f33f47ed2, type: 2}
      propertyPath: m_LocalPosition.y
      value: -4.3999996
      objectReference: {fileID: 0}
    - target: {fileID: 4124500948077478, guid: 6851eb42ea3dd9b418bc618f33f47ed2, type: 2}
      propertyPath: m_LocalPosition.z
      value: 0
      objectReference: {fileID: 0}
    - target: {fileID: 4124500948077478, guid: 6851eb42ea3dd9b418bc618f33f47ed2, type: 2}
      propertyPath: m_LocalRotation.x
      value: -0
      objectReference: {fileID: 0}
    - target: {fileID: 4124500948077478, guid: 6851eb42ea3dd9b418bc618f33f47ed2, type: 2}
      propertyPath: m_LocalRotation.y
      value: -0
      objectReference: {fileID: 0}
    - target: {fileID: 4124500948077478, guid: 6851eb42ea3dd9b418bc618f33f47ed2, type: 2}
      propertyPath: m_LocalRotation.z
      value: -0
      objectReference: {fileID: 0}
    - target: {fileID: 4124500948077478, guid: 6851eb42ea3dd9b418bc618f33f47ed2, type: 2}
      propertyPath: m_LocalRotation.w
      value: 1
      objectReference: {fileID: 0}
    - target: {fileID: 4124500948077478, guid: 6851eb42ea3dd9b418bc618f33f47ed2, type: 2}
      propertyPath: m_RootOrder
      value: 10
      objectReference: {fileID: 0}
    - target: {fileID: 1788913794834788, guid: 6851eb42ea3dd9b418bc618f33f47ed2, type: 2}
      propertyPath: m_Name
      value: Invader (10)
      objectReference: {fileID: 0}
    - target: {fileID: 4124500948077478, guid: 6851eb42ea3dd9b418bc618f33f47ed2, type: 2}
      propertyPath: m_LocalScale.x
      value: 2.38327
      objectReference: {fileID: 0}
    - target: {fileID: 4124500948077478, guid: 6851eb42ea3dd9b418bc618f33f47ed2, type: 2}
      propertyPath: m_LocalScale.y
      value: 2.38327
      objectReference: {fileID: 0}
    - target: {fileID: 4124500948077478, guid: 6851eb42ea3dd9b418bc618f33f47ed2, type: 2}
      propertyPath: m_LocalScale.z
      value: 2.38327
      objectReference: {fileID: 0}
    m_RemovedComponents: []
  m_ParentPrefab: {fileID: 100100000, guid: 6851eb42ea3dd9b418bc618f33f47ed2, type: 2}
  m_IsPrefabParent: 0
--- !u!1 &703638710
GameObject:
  m_ObjectHideFlags: 0
  m_PrefabParentObject: {fileID: 0}
  m_PrefabInternal: {fileID: 0}
  serializedVersion: 5
  m_Component:
  - component: {fileID: 703638711}
  - component: {fileID: 703638713}
  - component: {fileID: 703638712}
  m_Layer: 0
  m_Name: Left
  m_TagString: ScreenBoundLeft
  m_Icon: {fileID: 0}
  m_NavMeshLayer: 0
  m_StaticEditorFlags: 0
  m_IsActive: 1
--- !u!4 &703638711
Transform:
  m_ObjectHideFlags: 0
  m_PrefabParentObject: {fileID: 0}
  m_PrefabInternal: {fileID: 0}
  m_GameObject: {fileID: 703638710}
  m_LocalRotation: {x: 0, y: 0, z: 0, w: 1}
  m_LocalPosition: {x: -28.4, y: 16.6, z: 0}
  m_LocalScale: {x: 3.763998, y: 44.79612, z: 1}
  m_Children: []
  m_Father: {fileID: 723633050}
  m_RootOrder: 0
  m_LocalEulerAnglesHint: {x: 0, y: 0, z: 0}
--- !u!54 &703638712
Rigidbody:
  m_ObjectHideFlags: 0
  m_PrefabParentObject: {fileID: 0}
  m_PrefabInternal: {fileID: 0}
  m_GameObject: {fileID: 703638710}
  serializedVersion: 2
  m_Mass: 1000
  m_Drag: 0
  m_AngularDrag: 0.05
  m_UseGravity: 0
  m_IsKinematic: 1
  m_Interpolate: 0
  m_Constraints: 0
  m_CollisionDetection: 0
--- !u!65 &703638713
BoxCollider:
  m_ObjectHideFlags: 0
  m_PrefabParentObject: {fileID: 0}
  m_PrefabInternal: {fileID: 0}
  m_GameObject: {fileID: 703638710}
  m_Material: {fileID: 0}
  m_IsTrigger: 0
  m_Enabled: 1
  serializedVersion: 2
  m_Size: {x: 1, y: 1, z: 1}
  m_Center: {x: 0, y: 0, z: 0}
--- !u!1 &723633049
GameObject:
  m_ObjectHideFlags: 0
  m_PrefabParentObject: {fileID: 0}
  m_PrefabInternal: {fileID: 0}
  serializedVersion: 5
  m_Component:
  - component: {fileID: 723633050}
  m_Layer: 0
  m_Name: ScreenBounds
  m_TagString: Untagged
  m_Icon: {fileID: 0}
  m_NavMeshLayer: 0
  m_StaticEditorFlags: 0
  m_IsActive: 1
--- !u!4 &723633050
Transform:
  m_ObjectHideFlags: 0
  m_PrefabParentObject: {fileID: 0}
  m_PrefabInternal: {fileID: 0}
  m_GameObject: {fileID: 723633049}
  m_LocalRotation: {x: -0, y: -0, z: -0, w: 1}
  m_LocalPosition: {x: -7.7799997, y: -16, z: 0}
  m_LocalScale: {x: 1, y: 1, z: 18.55414}
  m_Children:
  - {fileID: 703638711}
  - {fileID: 216566714}
  - {fileID: 1500643533}
  - {fileID: 350973824}
  m_Father: {fileID: 0}
  m_RootOrder: 1
  m_LocalEulerAnglesHint: {x: 0, y: 0, z: 0}
--- !u!1001 &811799103
Prefab:
  m_ObjectHideFlags: 0
  serializedVersion: 2
  m_Modification:
    m_TransformParent: {fileID: 1864363326}
    m_Modifications:
    - target: {fileID: 4124500948077478, guid: 6851eb42ea3dd9b418bc618f33f47ed2, type: 2}
      propertyPath: m_LocalPosition.x
      value: -26.9
      objectReference: {fileID: 0}
    - target: {fileID: 4124500948077478, guid: 6851eb42ea3dd9b418bc618f33f47ed2, type: 2}
      propertyPath: m_LocalPosition.y
      value: -4.3999996
      objectReference: {fileID: 0}
    - target: {fileID: 4124500948077478, guid: 6851eb42ea3dd9b418bc618f33f47ed2, type: 2}
      propertyPath: m_LocalPosition.z
      value: 0
      objectReference: {fileID: 0}
    - target: {fileID: 4124500948077478, guid: 6851eb42ea3dd9b418bc618f33f47ed2, type: 2}
      propertyPath: m_LocalRotation.x
      value: -0
      objectReference: {fileID: 0}
    - target: {fileID: 4124500948077478, guid: 6851eb42ea3dd9b418bc618f33f47ed2, type: 2}
      propertyPath: m_LocalRotation.y
      value: -0
      objectReference: {fileID: 0}
    - target: {fileID: 4124500948077478, guid: 6851eb42ea3dd9b418bc618f33f47ed2, type: 2}
      propertyPath: m_LocalRotation.z
      value: -0
      objectReference: {fileID: 0}
    - target: {fileID: 4124500948077478, guid: 6851eb42ea3dd9b418bc618f33f47ed2, type: 2}
      propertyPath: m_LocalRotation.w
      value: 1
      objectReference: {fileID: 0}
    - target: {fileID: 4124500948077478, guid: 6851eb42ea3dd9b418bc618f33f47ed2, type: 2}
      propertyPath: m_RootOrder
      value: 9
      objectReference: {fileID: 0}
    - target: {fileID: 1788913794834788, guid: 6851eb42ea3dd9b418bc618f33f47ed2, type: 2}
      propertyPath: m_Name
      value: Invader (9)
      objectReference: {fileID: 0}
    - target: {fileID: 4124500948077478, guid: 6851eb42ea3dd9b418bc618f33f47ed2, type: 2}
      propertyPath: m_LocalScale.x
      value: 2.38327
      objectReference: {fileID: 0}
    - target: {fileID: 4124500948077478, guid: 6851eb42ea3dd9b418bc618f33f47ed2, type: 2}
      propertyPath: m_LocalScale.y
      value: 2.38327
      objectReference: {fileID: 0}
    - target: {fileID: 4124500948077478, guid: 6851eb42ea3dd9b418bc618f33f47ed2, type: 2}
      propertyPath: m_LocalScale.z
      value: 2.38327
      objectReference: {fileID: 0}
    m_RemovedComponents: []
  m_ParentPrefab: {fileID: 100100000, guid: 6851eb42ea3dd9b418bc618f33f47ed2, type: 2}
  m_IsPrefabParent: 0
--- !u!1001 &853545843
Prefab:
  m_ObjectHideFlags: 0
  serializedVersion: 2
  m_Modification:
    m_TransformParent: {fileID: 1864363326}
    m_Modifications:
    - target: {fileID: 4124500948077478, guid: 6851eb42ea3dd9b418bc618f33f47ed2, type: 2}
      propertyPath: m_LocalPosition.x
      value: -31.8
      objectReference: {fileID: 0}
    - target: {fileID: 4124500948077478, guid: 6851eb42ea3dd9b418bc618f33f47ed2, type: 2}
      propertyPath: m_LocalPosition.y
      value: -4.3999996
      objectReference: {fileID: 0}
    - target: {fileID: 4124500948077478, guid: 6851eb42ea3dd9b418bc618f33f47ed2, type: 2}
      propertyPath: m_LocalPosition.z
      value: 0
      objectReference: {fileID: 0}
    - target: {fileID: 4124500948077478, guid: 6851eb42ea3dd9b418bc618f33f47ed2, type: 2}
      propertyPath: m_LocalRotation.x
      value: -0
      objectReference: {fileID: 0}
    - target: {fileID: 4124500948077478, guid: 6851eb42ea3dd9b418bc618f33f47ed2, type: 2}
      propertyPath: m_LocalRotation.y
      value: -0
      objectReference: {fileID: 0}
    - target: {fileID: 4124500948077478, guid: 6851eb42ea3dd9b418bc618f33f47ed2, type: 2}
      propertyPath: m_LocalRotation.z
      value: -0
      objectReference: {fileID: 0}
    - target: {fileID: 4124500948077478, guid: 6851eb42ea3dd9b418bc618f33f47ed2, type: 2}
      propertyPath: m_LocalRotation.w
      value: 1
      objectReference: {fileID: 0}
    - target: {fileID: 4124500948077478, guid: 6851eb42ea3dd9b418bc618f33f47ed2, type: 2}
      propertyPath: m_RootOrder
      value: 8
      objectReference: {fileID: 0}
    - target: {fileID: 4124500948077478, guid: 6851eb42ea3dd9b418bc618f33f47ed2, type: 2}
      propertyPath: m_LocalScale.x
      value: 2.38327
      objectReference: {fileID: 0}
    - target: {fileID: 4124500948077478, guid: 6851eb42ea3dd9b418bc618f33f47ed2, type: 2}
      propertyPath: m_LocalScale.y
      value: 2.38327
      objectReference: {fileID: 0}
    - target: {fileID: 4124500948077478, guid: 6851eb42ea3dd9b418bc618f33f47ed2, type: 2}
      propertyPath: m_LocalScale.z
      value: 2.38327
      objectReference: {fileID: 0}
    - target: {fileID: 1788913794834788, guid: 6851eb42ea3dd9b418bc618f33f47ed2, type: 2}
      propertyPath: m_Name
      value: Invader (8)
      objectReference: {fileID: 0}
    m_RemovedComponents: []
  m_ParentPrefab: {fileID: 100100000, guid: 6851eb42ea3dd9b418bc618f33f47ed2, type: 2}
  m_IsPrefabParent: 0
--- !u!4 &856963668 stripped
Transform:
  m_PrefabParentObject: {fileID: 4124500948077478, guid: 6851eb42ea3dd9b418bc618f33f47ed2,
    type: 2}
  m_PrefabInternal: {fileID: 1165730473}
--- !u!1001 &906914676
Prefab:
  m_ObjectHideFlags: 0
  serializedVersion: 2
  m_Modification:
    m_TransformParent: {fileID: 1864363326}
    m_Modifications:
    - target: {fileID: 4124500948077478, guid: 6851eb42ea3dd9b418bc618f33f47ed2, type: 2}
      propertyPath: m_LocalPosition.x
      value: 4.1
      objectReference: {fileID: 0}
    - target: {fileID: 4124500948077478, guid: 6851eb42ea3dd9b418bc618f33f47ed2, type: 2}
      propertyPath: m_LocalPosition.y
      value: -9.1
      objectReference: {fileID: 0}
    - target: {fileID: 4124500948077478, guid: 6851eb42ea3dd9b418bc618f33f47ed2, type: 2}
      propertyPath: m_LocalPosition.z
      value: 0
      objectReference: {fileID: 0}
    - target: {fileID: 4124500948077478, guid: 6851eb42ea3dd9b418bc618f33f47ed2, type: 2}
      propertyPath: m_LocalRotation.x
      value: -0
      objectReference: {fileID: 0}
    - target: {fileID: 4124500948077478, guid: 6851eb42ea3dd9b418bc618f33f47ed2, type: 2}
      propertyPath: m_LocalRotation.y
      value: -0
      objectReference: {fileID: 0}
    - target: {fileID: 4124500948077478, guid: 6851eb42ea3dd9b418bc618f33f47ed2, type: 2}
      propertyPath: m_LocalRotation.z
      value: -0
      objectReference: {fileID: 0}
    - target: {fileID: 4124500948077478, guid: 6851eb42ea3dd9b418bc618f33f47ed2, type: 2}
      propertyPath: m_LocalRotation.w
      value: 1
      objectReference: {fileID: 0}
    - target: {fileID: 4124500948077478, guid: 6851eb42ea3dd9b418bc618f33f47ed2, type: 2}
      propertyPath: m_RootOrder
      value: 23
      objectReference: {fileID: 0}
    - target: {fileID: 1788913794834788, guid: 6851eb42ea3dd9b418bc618f33f47ed2, type: 2}
      propertyPath: m_Name
      value: Invader (23)
      objectReference: {fileID: 0}
    - target: {fileID: 4124500948077478, guid: 6851eb42ea3dd9b418bc618f33f47ed2, type: 2}
      propertyPath: m_LocalScale.x
      value: 2.38327
      objectReference: {fileID: 0}
    - target: {fileID: 4124500948077478, guid: 6851eb42ea3dd9b418bc618f33f47ed2, type: 2}
      propertyPath: m_LocalScale.y
      value: 2.38327
      objectReference: {fileID: 0}
    - target: {fileID: 4124500948077478, guid: 6851eb42ea3dd9b418bc618f33f47ed2, type: 2}
      propertyPath: m_LocalScale.z
      value: 2.38327
      objectReference: {fileID: 0}
    m_RemovedComponents: []
  m_ParentPrefab: {fileID: 100100000, guid: 6851eb42ea3dd9b418bc618f33f47ed2, type: 2}
  m_IsPrefabParent: 0
--- !u!1001 &976419813
Prefab:
  m_ObjectHideFlags: 0
  serializedVersion: 2
  m_Modification:
    m_TransformParent: {fileID: 1864363326}
    m_Modifications:
    - target: {fileID: 4124500948077478, guid: 6851eb42ea3dd9b418bc618f33f47ed2, type: 2}
      propertyPath: m_LocalPosition.x
      value: -6.299999
      objectReference: {fileID: 0}
    - target: {fileID: 4124500948077478, guid: 6851eb42ea3dd9b418bc618f33f47ed2, type: 2}
      propertyPath: m_LocalPosition.y
      value: -9.1
      objectReference: {fileID: 0}
    - target: {fileID: 4124500948077478, guid: 6851eb42ea3dd9b418bc618f33f47ed2, type: 2}
      propertyPath: m_LocalPosition.z
      value: 0
      objectReference: {fileID: 0}
    - target: {fileID: 4124500948077478, guid: 6851eb42ea3dd9b418bc618f33f47ed2, type: 2}
      propertyPath: m_LocalRotation.x
      value: -0
      objectReference: {fileID: 0}
    - target: {fileID: 4124500948077478, guid: 6851eb42ea3dd9b418bc618f33f47ed2, type: 2}
      propertyPath: m_LocalRotation.y
      value: -0
      objectReference: {fileID: 0}
    - target: {fileID: 4124500948077478, guid: 6851eb42ea3dd9b418bc618f33f47ed2, type: 2}
      propertyPath: m_LocalRotation.z
      value: -0
      objectReference: {fileID: 0}
    - target: {fileID: 4124500948077478, guid: 6851eb42ea3dd9b418bc618f33f47ed2, type: 2}
      propertyPath: m_LocalRotation.w
      value: 1
      objectReference: {fileID: 0}
    - target: {fileID: 4124500948077478, guid: 6851eb42ea3dd9b418bc618f33f47ed2, type: 2}
      propertyPath: m_RootOrder
      value: 21
      objectReference: {fileID: 0}
    - target: {fileID: 1788913794834788, guid: 6851eb42ea3dd9b418bc618f33f47ed2, type: 2}
      propertyPath: m_Name
      value: Invader (21)
      objectReference: {fileID: 0}
    - target: {fileID: 4124500948077478, guid: 6851eb42ea3dd9b418bc618f33f47ed2, type: 2}
      propertyPath: m_LocalScale.x
      value: 2.38327
      objectReference: {fileID: 0}
    - target: {fileID: 4124500948077478, guid: 6851eb42ea3dd9b418bc618f33f47ed2, type: 2}
      propertyPath: m_LocalScale.y
      value: 2.38327
      objectReference: {fileID: 0}
    - target: {fileID: 4124500948077478, guid: 6851eb42ea3dd9b418bc618f33f47ed2, type: 2}
      propertyPath: m_LocalScale.z
      value: 2.38327
      objectReference: {fileID: 0}
    m_RemovedComponents: []
  m_ParentPrefab: {fileID: 100100000, guid: 6851eb42ea3dd9b418bc618f33f47ed2, type: 2}
  m_IsPrefabParent: 0
--- !u!4 &978825151 stripped
Transform:
  m_PrefabParentObject: {fileID: 4124500948077478, guid: 6851eb42ea3dd9b418bc618f33f47ed2,
    type: 2}
  m_PrefabInternal: {fileID: 1768152273}
--- !u!4 &1027231493 stripped
Transform:
  m_PrefabParentObject: {fileID: 4124500948077478, guid: 6851eb42ea3dd9b418bc618f33f47ed2,
    type: 2}
  m_PrefabInternal: {fileID: 1433001591}
--- !u!1001 &1127634016
Prefab:
  m_ObjectHideFlags: 0
  serializedVersion: 2
  m_Modification:
    m_TransformParent: {fileID: 1864363326}
    m_Modifications:
    - target: {fileID: 4124500948077478, guid: 6851eb42ea3dd9b418bc618f33f47ed2, type: 2}
      propertyPath: m_LocalPosition.x
      value: -11.199999
      objectReference: {fileID: 0}
    - target: {fileID: 4124500948077478, guid: 6851eb42ea3dd9b418bc618f33f47ed2, type: 2}
      propertyPath: m_LocalPosition.y
      value: -9.1
      objectReference: {fileID: 0}
    - target: {fileID: 4124500948077478, guid: 6851eb42ea3dd9b418bc618f33f47ed2, type: 2}
      propertyPath: m_LocalPosition.z
      value: 0
      objectReference: {fileID: 0}
    - target: {fileID: 4124500948077478, guid: 6851eb42ea3dd9b418bc618f33f47ed2, type: 2}
      propertyPath: m_LocalRotation.x
      value: -0
      objectReference: {fileID: 0}
    - target: {fileID: 4124500948077478, guid: 6851eb42ea3dd9b418bc618f33f47ed2, type: 2}
      propertyPath: m_LocalRotation.y
      value: -0
      objectReference: {fileID: 0}
    - target: {fileID: 4124500948077478, guid: 6851eb42ea3dd9b418bc618f33f47ed2, type: 2}
      propertyPath: m_LocalRotation.z
      value: -0
      objectReference: {fileID: 0}
    - target: {fileID: 4124500948077478, guid: 6851eb42ea3dd9b418bc618f33f47ed2, type: 2}
      propertyPath: m_LocalRotation.w
      value: 1
      objectReference: {fileID: 0}
    - target: {fileID: 4124500948077478, guid: 6851eb42ea3dd9b418bc618f33f47ed2, type: 2}
      propertyPath: m_RootOrder
      value: 20
      objectReference: {fileID: 0}
    - target: {fileID: 1788913794834788, guid: 6851eb42ea3dd9b418bc618f33f47ed2, type: 2}
      propertyPath: m_Name
      value: Invader (20)
      objectReference: {fileID: 0}
    - target: {fileID: 4124500948077478, guid: 6851eb42ea3dd9b418bc618f33f47ed2, type: 2}
      propertyPath: m_LocalScale.x
      value: 2.38327
      objectReference: {fileID: 0}
    - target: {fileID: 4124500948077478, guid: 6851eb42ea3dd9b418bc618f33f47ed2, type: 2}
      propertyPath: m_LocalScale.y
      value: 2.38327
      objectReference: {fileID: 0}
    - target: {fileID: 4124500948077478, guid: 6851eb42ea3dd9b418bc618f33f47ed2, type: 2}
      propertyPath: m_LocalScale.z
      value: 2.38327
      objectReference: {fileID: 0}
    m_RemovedComponents: []
  m_ParentPrefab: {fileID: 100100000, guid: 6851eb42ea3dd9b418bc618f33f47ed2, type: 2}
  m_IsPrefabParent: 0
--- !u!1001 &1165730473
Prefab:
  m_ObjectHideFlags: 0
  serializedVersion: 2
  m_Modification:
    m_TransformParent: {fileID: 1864363326}
    m_Modifications:
    - target: {fileID: 4124500948077478, guid: 6851eb42ea3dd9b418bc618f33f47ed2, type: 2}
      propertyPath: m_LocalPosition.x
      value: -6.299999
      objectReference: {fileID: 0}
    - target: {fileID: 4124500948077478, guid: 6851eb42ea3dd9b418bc618f33f47ed2, type: 2}
      propertyPath: m_LocalPosition.y
      value: -4.3999996
      objectReference: {fileID: 0}
    - target: {fileID: 4124500948077478, guid: 6851eb42ea3dd9b418bc618f33f47ed2, type: 2}
      propertyPath: m_LocalPosition.z
      value: 0
      objectReference: {fileID: 0}
    - target: {fileID: 4124500948077478, guid: 6851eb42ea3dd9b418bc618f33f47ed2, type: 2}
      propertyPath: m_LocalRotation.x
      value: -0
      objectReference: {fileID: 0}
    - target: {fileID: 4124500948077478, guid: 6851eb42ea3dd9b418bc618f33f47ed2, type: 2}
      propertyPath: m_LocalRotation.y
      value: -0
      objectReference: {fileID: 0}
    - target: {fileID: 4124500948077478, guid: 6851eb42ea3dd9b418bc618f33f47ed2, type: 2}
      propertyPath: m_LocalRotation.z
      value: -0
      objectReference: {fileID: 0}
    - target: {fileID: 4124500948077478, guid: 6851eb42ea3dd9b418bc618f33f47ed2, type: 2}
      propertyPath: m_LocalRotation.w
      value: 1
      objectReference: {fileID: 0}
    - target: {fileID: 4124500948077478, guid: 6851eb42ea3dd9b418bc618f33f47ed2, type: 2}
      propertyPath: m_RootOrder
      value: 13
      objectReference: {fileID: 0}
    - target: {fileID: 1788913794834788, guid: 6851eb42ea3dd9b418bc618f33f47ed2, type: 2}
      propertyPath: m_Name
      value: Invader (13)
      objectReference: {fileID: 0}
    - target: {fileID: 4124500948077478, guid: 6851eb42ea3dd9b418bc618f33f47ed2, type: 2}
      propertyPath: m_LocalScale.x
      value: 2.38327
      objectReference: {fileID: 0}
    - target: {fileID: 4124500948077478, guid: 6851eb42ea3dd9b418bc618f33f47ed2, type: 2}
      propertyPath: m_LocalScale.y
      value: 2.38327
      objectReference: {fileID: 0}
    - target: {fileID: 4124500948077478, guid: 6851eb42ea3dd9b418bc618f33f47ed2, type: 2}
      propertyPath: m_LocalScale.z
      value: 2.38327
      objectReference: {fileID: 0}
    m_RemovedComponents: []
  m_ParentPrefab: {fileID: 100100000, guid: 6851eb42ea3dd9b418bc618f33f47ed2, type: 2}
  m_IsPrefabParent: 0
--- !u!4 &1195655560 stripped
Transform:
  m_PrefabParentObject: {fileID: 4124500948077478, guid: 6851eb42ea3dd9b418bc618f33f47ed2,
    type: 2}
  m_PrefabInternal: {fileID: 1333404497}
--- !u!1001 &1210123965
Prefab:
  m_ObjectHideFlags: 0
  serializedVersion: 2
  m_Modification:
    m_TransformParent: {fileID: 1864363326}
    m_Modifications:
    - target: {fileID: 4124500948077478, guid: 6851eb42ea3dd9b418bc618f33f47ed2, type: 2}
      propertyPath: m_LocalPosition.x
      value: -1.2999992
      objectReference: {fileID: 0}
    - target: {fileID: 4124500948077478, guid: 6851eb42ea3dd9b418bc618f33f47ed2, type: 2}
      propertyPath: m_LocalPosition.y
      value: -4.3999996
      objectReference: {fileID: 0}
    - target: {fileID: 4124500948077478, guid: 6851eb42ea3dd9b418bc618f33f47ed2, type: 2}
      propertyPath: m_LocalPosition.z
      value: 0
      objectReference: {fileID: 0}
    - target: {fileID: 4124500948077478, guid: 6851eb42ea3dd9b418bc618f33f47ed2, type: 2}
      propertyPath: m_LocalRotation.x
      value: -0
      objectReference: {fileID: 0}
    - target: {fileID: 4124500948077478, guid: 6851eb42ea3dd9b418bc618f33f47ed2, type: 2}
      propertyPath: m_LocalRotation.y
      value: -0
      objectReference: {fileID: 0}
    - target: {fileID: 4124500948077478, guid: 6851eb42ea3dd9b418bc618f33f47ed2, type: 2}
      propertyPath: m_LocalRotation.z
      value: -0
      objectReference: {fileID: 0}
    - target: {fileID: 4124500948077478, guid: 6851eb42ea3dd9b418bc618f33f47ed2, type: 2}
      propertyPath: m_LocalRotation.w
      value: 1
      objectReference: {fileID: 0}
    - target: {fileID: 4124500948077478, guid: 6851eb42ea3dd9b418bc618f33f47ed2, type: 2}
      propertyPath: m_RootOrder
      value: 14
      objectReference: {fileID: 0}
    - target: {fileID: 1788913794834788, guid: 6851eb42ea3dd9b418bc618f33f47ed2, type: 2}
      propertyPath: m_Name
      value: Invader (14)
      objectReference: {fileID: 0}
    - target: {fileID: 4124500948077478, guid: 6851eb42ea3dd9b418bc618f33f47ed2, type: 2}
      propertyPath: m_LocalScale.x
      value: 2.38327
      objectReference: {fileID: 0}
    - target: {fileID: 4124500948077478, guid: 6851eb42ea3dd9b418bc618f33f47ed2, type: 2}
      propertyPath: m_LocalScale.y
      value: 2.38327
      objectReference: {fileID: 0}
    - target: {fileID: 4124500948077478, guid: 6851eb42ea3dd9b418bc618f33f47ed2, type: 2}
      propertyPath: m_LocalScale.z
      value: 2.38327
      objectReference: {fileID: 0}
    m_RemovedComponents: []
  m_ParentPrefab: {fileID: 100100000, guid: 6851eb42ea3dd9b418bc618f33f47ed2, type: 2}
  m_IsPrefabParent: 0
--- !u!1001 &1308473847
Prefab:
  m_ObjectHideFlags: 0
  serializedVersion: 2
  m_Modification:
    m_TransformParent: {fileID: 1864363326}
    m_Modifications:
    - target: {fileID: 4124500948077478, guid: 6851eb42ea3dd9b418bc618f33f47ed2, type: 2}
      propertyPath: m_LocalPosition.x
      value: -26.9
      objectReference: {fileID: 0}
    - target: {fileID: 4124500948077478, guid: 6851eb42ea3dd9b418bc618f33f47ed2, type: 2}
      propertyPath: m_LocalPosition.y
      value: 0
      objectReference: {fileID: 0}
    - target: {fileID: 4124500948077478, guid: 6851eb42ea3dd9b418bc618f33f47ed2, type: 2}
      propertyPath: m_LocalPosition.z
      value: 0
      objectReference: {fileID: 0}
    - target: {fileID: 4124500948077478, guid: 6851eb42ea3dd9b418bc618f33f47ed2, type: 2}
      propertyPath: m_LocalRotation.x
      value: -0
      objectReference: {fileID: 0}
    - target: {fileID: 4124500948077478, guid: 6851eb42ea3dd9b418bc618f33f47ed2, type: 2}
      propertyPath: m_LocalRotation.y
      value: -0
      objectReference: {fileID: 0}
    - target: {fileID: 4124500948077478, guid: 6851eb42ea3dd9b418bc618f33f47ed2, type: 2}
      propertyPath: m_LocalRotation.z
      value: -0
      objectReference: {fileID: 0}
    - target: {fileID: 4124500948077478, guid: 6851eb42ea3dd9b418bc618f33f47ed2, type: 2}
      propertyPath: m_LocalRotation.w
      value: 1
      objectReference: {fileID: 0}
    - target: {fileID: 4124500948077478, guid: 6851eb42ea3dd9b418bc618f33f47ed2, type: 2}
      propertyPath: m_RootOrder
      value: 1
      objectReference: {fileID: 0}
    - target: {fileID: 1788913794834788, guid: 6851eb42ea3dd9b418bc618f33f47ed2, type: 2}
      propertyPath: m_Name
      value: Invader (1)
      objectReference: {fileID: 0}
    - target: {fileID: 4124500948077478, guid: 6851eb42ea3dd9b418bc618f33f47ed2, type: 2}
      propertyPath: m_LocalScale.x
      value: 2.38327
      objectReference: {fileID: 0}
    - target: {fileID: 4124500948077478, guid: 6851eb42ea3dd9b418bc618f33f47ed2, type: 2}
      propertyPath: m_LocalScale.y
      value: 2.38327
      objectReference: {fileID: 0}
    - target: {fileID: 4124500948077478, guid: 6851eb42ea3dd9b418bc618f33f47ed2, type: 2}
      propertyPath: m_LocalScale.z
      value: 2.38327
      objectReference: {fileID: 0}
    m_RemovedComponents: []
  m_ParentPrefab: {fileID: 100100000, guid: 6851eb42ea3dd9b418bc618f33f47ed2, type: 2}
  m_IsPrefabParent: 0
--- !u!1001 &1324935672
Prefab:
  m_ObjectHideFlags: 0
  serializedVersion: 2
  m_Modification:
    m_TransformParent: {fileID: 1864363326}
    m_Modifications:
    - target: {fileID: 4124500948077478, guid: 6851eb42ea3dd9b418bc618f33f47ed2, type: 2}
      propertyPath: m_LocalPosition.x
      value: -31.8
      objectReference: {fileID: 0}
    - target: {fileID: 4124500948077478, guid: 6851eb42ea3dd9b418bc618f33f47ed2, type: 2}
      propertyPath: m_LocalPosition.y
      value: 0
      objectReference: {fileID: 0}
    - target: {fileID: 4124500948077478, guid: 6851eb42ea3dd9b418bc618f33f47ed2, type: 2}
      propertyPath: m_LocalPosition.z
      value: 0
      objectReference: {fileID: 0}
    - target: {fileID: 4124500948077478, guid: 6851eb42ea3dd9b418bc618f33f47ed2, type: 2}
      propertyPath: m_LocalRotation.x
      value: 0
      objectReference: {fileID: 0}
    - target: {fileID: 4124500948077478, guid: 6851eb42ea3dd9b418bc618f33f47ed2, type: 2}
      propertyPath: m_LocalRotation.y
      value: 0
      objectReference: {fileID: 0}
    - target: {fileID: 4124500948077478, guid: 6851eb42ea3dd9b418bc618f33f47ed2, type: 2}
      propertyPath: m_LocalRotation.z
      value: 0
      objectReference: {fileID: 0}
    - target: {fileID: 4124500948077478, guid: 6851eb42ea3dd9b418bc618f33f47ed2, type: 2}
      propertyPath: m_LocalRotation.w
      value: 1
      objectReference: {fileID: 0}
    - target: {fileID: 4124500948077478, guid: 6851eb42ea3dd9b418bc618f33f47ed2, type: 2}
      propertyPath: m_RootOrder
      value: 0
      objectReference: {fileID: 0}
    m_RemovedComponents: []
  m_ParentPrefab: {fileID: 100100000, guid: 6851eb42ea3dd9b418bc618f33f47ed2, type: 2}
  m_IsPrefabParent: 0
--- !u!1001 &1333404497
Prefab:
  m_ObjectHideFlags: 0
  serializedVersion: 2
  m_Modification:
    m_TransformParent: {fileID: 1864363326}
    m_Modifications:
    - target: {fileID: 4124500948077478, guid: 6851eb42ea3dd9b418bc618f33f47ed2, type: 2}
      propertyPath: m_LocalPosition.x
      value: -11.199999
      objectReference: {fileID: 0}
    - target: {fileID: 4124500948077478, guid: 6851eb42ea3dd9b418bc618f33f47ed2, type: 2}
      propertyPath: m_LocalPosition.y
      value: 0
      objectReference: {fileID: 0}
    - target: {fileID: 4124500948077478, guid: 6851eb42ea3dd9b418bc618f33f47ed2, type: 2}
      propertyPath: m_LocalPosition.z
      value: 0
      objectReference: {fileID: 0}
    - target: {fileID: 4124500948077478, guid: 6851eb42ea3dd9b418bc618f33f47ed2, type: 2}
      propertyPath: m_LocalRotation.x
      value: -0
      objectReference: {fileID: 0}
    - target: {fileID: 4124500948077478, guid: 6851eb42ea3dd9b418bc618f33f47ed2, type: 2}
      propertyPath: m_LocalRotation.y
      value: -0
      objectReference: {fileID: 0}
    - target: {fileID: 4124500948077478, guid: 6851eb42ea3dd9b418bc618f33f47ed2, type: 2}
      propertyPath: m_LocalRotation.z
      value: -0
      objectReference: {fileID: 0}
    - target: {fileID: 4124500948077478, guid: 6851eb42ea3dd9b418bc618f33f47ed2, type: 2}
      propertyPath: m_LocalRotation.w
      value: 1
      objectReference: {fileID: 0}
    - target: {fileID: 4124500948077478, guid: 6851eb42ea3dd9b418bc618f33f47ed2, type: 2}
      propertyPath: m_RootOrder
      value: 4
      objectReference: {fileID: 0}
    - target: {fileID: 1788913794834788, guid: 6851eb42ea3dd9b418bc618f33f47ed2, type: 2}
      propertyPath: m_Name
      value: Invader (4)
      objectReference: {fileID: 0}
    - target: {fileID: 4124500948077478, guid: 6851eb42ea3dd9b418bc618f33f47ed2, type: 2}
      propertyPath: m_LocalScale.x
      value: 2.38327
      objectReference: {fileID: 0}
    - target: {fileID: 4124500948077478, guid: 6851eb42ea3dd9b418bc618f33f47ed2, type: 2}
      propertyPath: m_LocalScale.y
      value: 2.38327
      objectReference: {fileID: 0}
    - target: {fileID: 4124500948077478, guid: 6851eb42ea3dd9b418bc618f33f47ed2, type: 2}
      propertyPath: m_LocalScale.z
      value: 2.38327
      objectReference: {fileID: 0}
    m_RemovedComponents: []
  m_ParentPrefab: {fileID: 100100000, guid: 6851eb42ea3dd9b418bc618f33f47ed2, type: 2}
  m_IsPrefabParent: 0
--- !u!1001 &1373841862
Prefab:
  m_ObjectHideFlags: 0
  serializedVersion: 2
  m_Modification:
    m_TransformParent: {fileID: 1864363326}
    m_Modifications:
    - target: {fileID: 4124500948077478, guid: 6851eb42ea3dd9b418bc618f33f47ed2, type: 2}
      propertyPath: m_LocalPosition.x
      value: 4.1
      objectReference: {fileID: 0}
    - target: {fileID: 4124500948077478, guid: 6851eb42ea3dd9b418bc618f33f47ed2, type: 2}
      propertyPath: m_LocalPosition.y
      value: 0
      objectReference: {fileID: 0}
    - target: {fileID: 4124500948077478, guid: 6851eb42ea3dd9b418bc618f33f47ed2, type: 2}
      propertyPath: m_LocalPosition.z
      value: 0
      objectReference: {fileID: 0}
    - target: {fileID: 4124500948077478, guid: 6851eb42ea3dd9b418bc618f33f47ed2, type: 2}
      propertyPath: m_LocalRotation.x
      value: -0
      objectReference: {fileID: 0}
    - target: {fileID: 4124500948077478, guid: 6851eb42ea3dd9b418bc618f33f47ed2, type: 2}
      propertyPath: m_LocalRotation.y
      value: -0
      objectReference: {fileID: 0}
    - target: {fileID: 4124500948077478, guid: 6851eb42ea3dd9b418bc618f33f47ed2, type: 2}
      propertyPath: m_LocalRotation.z
      value: -0
      objectReference: {fileID: 0}
    - target: {fileID: 4124500948077478, guid: 6851eb42ea3dd9b418bc618f33f47ed2, type: 2}
      propertyPath: m_LocalRotation.w
      value: 1
      objectReference: {fileID: 0}
    - target: {fileID: 4124500948077478, guid: 6851eb42ea3dd9b418bc618f33f47ed2, type: 2}
      propertyPath: m_RootOrder
      value: 7
      objectReference: {fileID: 0}
    - target: {fileID: 1788913794834788, guid: 6851eb42ea3dd9b418bc618f33f47ed2, type: 2}
      propertyPath: m_Name
      value: Invader (7)
      objectReference: {fileID: 0}
    - target: {fileID: 4124500948077478, guid: 6851eb42ea3dd9b418bc618f33f47ed2, type: 2}
      propertyPath: m_LocalScale.x
      value: 2.38327
      objectReference: {fileID: 0}
    - target: {fileID: 4124500948077478, guid: 6851eb42ea3dd9b418bc618f33f47ed2, type: 2}
      propertyPath: m_LocalScale.y
      value: 2.38327
      objectReference: {fileID: 0}
    - target: {fileID: 4124500948077478, guid: 6851eb42ea3dd9b418bc618f33f47ed2, type: 2}
      propertyPath: m_LocalScale.z
      value: 2.38327
      objectReference: {fileID: 0}
    m_RemovedComponents: []
  m_ParentPrefab: {fileID: 100100000, guid: 6851eb42ea3dd9b418bc618f33f47ed2, type: 2}
  m_IsPrefabParent: 0
--- !u!1001 &1433001591
Prefab:
  m_ObjectHideFlags: 0
  serializedVersion: 2
  m_Modification:
    m_TransformParent: {fileID: 1864363326}
    m_Modifications:
    - target: {fileID: 4124500948077478, guid: 6851eb42ea3dd9b418bc618f33f47ed2, type: 2}
      propertyPath: m_LocalPosition.x
      value: -1.2999992
      objectReference: {fileID: 0}
    - target: {fileID: 4124500948077478, guid: 6851eb42ea3dd9b418bc618f33f47ed2, type: 2}
      propertyPath: m_LocalPosition.y
      value: 0
      objectReference: {fileID: 0}
    - target: {fileID: 4124500948077478, guid: 6851eb42ea3dd9b418bc618f33f47ed2, type: 2}
      propertyPath: m_LocalPosition.z
      value: 0
      objectReference: {fileID: 0}
    - target: {fileID: 4124500948077478, guid: 6851eb42ea3dd9b418bc618f33f47ed2, type: 2}
      propertyPath: m_LocalRotation.x
      value: -0
      objectReference: {fileID: 0}
    - target: {fileID: 4124500948077478, guid: 6851eb42ea3dd9b418bc618f33f47ed2, type: 2}
      propertyPath: m_LocalRotation.y
      value: -0
      objectReference: {fileID: 0}
    - target: {fileID: 4124500948077478, guid: 6851eb42ea3dd9b418bc618f33f47ed2, type: 2}
      propertyPath: m_LocalRotation.z
      value: -0
      objectReference: {fileID: 0}
    - target: {fileID: 4124500948077478, guid: 6851eb42ea3dd9b418bc618f33f47ed2, type: 2}
      propertyPath: m_LocalRotation.w
      value: 1
      objectReference: {fileID: 0}
    - target: {fileID: 4124500948077478, guid: 6851eb42ea3dd9b418bc618f33f47ed2, type: 2}
      propertyPath: m_RootOrder
      value: 6
      objectReference: {fileID: 0}
    - target: {fileID: 1788913794834788, guid: 6851eb42ea3dd9b418bc618f33f47ed2, type: 2}
      propertyPath: m_Name
      value: Invader (6)
      objectReference: {fileID: 0}
    - target: {fileID: 4124500948077478, guid: 6851eb42ea3dd9b418bc618f33f47ed2, type: 2}
      propertyPath: m_LocalScale.x
      value: 2.38327
      objectReference: {fileID: 0}
    - target: {fileID: 4124500948077478, guid: 6851eb42ea3dd9b418bc618f33f47ed2, type: 2}
      propertyPath: m_LocalScale.y
      value: 2.38327
      objectReference: {fileID: 0}
    - target: {fileID: 4124500948077478, guid: 6851eb42ea3dd9b418bc618f33f47ed2, type: 2}
      propertyPath: m_LocalScale.z
      value: 2.38327
      objectReference: {fileID: 0}
    m_RemovedComponents: []
  m_ParentPrefab: {fileID: 100100000, guid: 6851eb42ea3dd9b418bc618f33f47ed2, type: 2}
  m_IsPrefabParent: 0
--- !u!1001 &1499491918
Prefab:
  m_ObjectHideFlags: 0
  serializedVersion: 2
  m_Modification:
    m_TransformParent: {fileID: 1864363326}
    m_Modifications:
    - target: {fileID: 4124500948077478, guid: 6851eb42ea3dd9b418bc618f33f47ed2, type: 2}
      propertyPath: m_LocalPosition.x
      value: -31.8
      objectReference: {fileID: 0}
    - target: {fileID: 4124500948077478, guid: 6851eb42ea3dd9b418bc618f33f47ed2, type: 2}
      propertyPath: m_LocalPosition.y
      value: -9.1
      objectReference: {fileID: 0}
    - target: {fileID: 4124500948077478, guid: 6851eb42ea3dd9b418bc618f33f47ed2, type: 2}
      propertyPath: m_LocalPosition.z
      value: 0
      objectReference: {fileID: 0}
    - target: {fileID: 4124500948077478, guid: 6851eb42ea3dd9b418bc618f33f47ed2, type: 2}
      propertyPath: m_LocalRotation.x
      value: -0
      objectReference: {fileID: 0}
    - target: {fileID: 4124500948077478, guid: 6851eb42ea3dd9b418bc618f33f47ed2, type: 2}
      propertyPath: m_LocalRotation.y
      value: -0
      objectReference: {fileID: 0}
    - target: {fileID: 4124500948077478, guid: 6851eb42ea3dd9b418bc618f33f47ed2, type: 2}
      propertyPath: m_LocalRotation.z
      value: -0
      objectReference: {fileID: 0}
    - target: {fileID: 4124500948077478, guid: 6851eb42ea3dd9b418bc618f33f47ed2, type: 2}
      propertyPath: m_LocalRotation.w
      value: 1
      objectReference: {fileID: 0}
    - target: {fileID: 4124500948077478, guid: 6851eb42ea3dd9b418bc618f33f47ed2, type: 2}
      propertyPath: m_RootOrder
      value: 16
      objectReference: {fileID: 0}
    - target: {fileID: 4124500948077478, guid: 6851eb42ea3dd9b418bc618f33f47ed2, type: 2}
      propertyPath: m_LocalScale.x
      value: 2.38327
      objectReference: {fileID: 0}
    - target: {fileID: 4124500948077478, guid: 6851eb42ea3dd9b418bc618f33f47ed2, type: 2}
      propertyPath: m_LocalScale.y
      value: 2.38327
      objectReference: {fileID: 0}
    - target: {fileID: 4124500948077478, guid: 6851eb42ea3dd9b418bc618f33f47ed2, type: 2}
      propertyPath: m_LocalScale.z
      value: 2.38327
      objectReference: {fileID: 0}
    - target: {fileID: 1788913794834788, guid: 6851eb42ea3dd9b418bc618f33f47ed2, type: 2}
      propertyPath: m_Name
      value: Invader (16)
      objectReference: {fileID: 0}
    m_RemovedComponents: []
  m_ParentPrefab: {fileID: 100100000, guid: 6851eb42ea3dd9b418bc618f33f47ed2, type: 2}
  m_IsPrefabParent: 0
--- !u!1 &1500643532
GameObject:
  m_ObjectHideFlags: 0
  m_PrefabParentObject: {fileID: 0}
  m_PrefabInternal: {fileID: 0}
  serializedVersion: 5
  m_Component:
  - component: {fileID: 1500643533}
  - component: {fileID: 1500643535}
  - component: {fileID: 1500643534}
  m_Layer: 0
  m_Name: Right
  m_TagString: ScreenBoundRight
  m_Icon: {fileID: 0}
  m_NavMeshLayer: 0
  m_StaticEditorFlags: 0
  m_IsActive: 1
--- !u!4 &1500643533
Transform:
  m_ObjectHideFlags: 0
  m_PrefabParentObject: {fileID: 0}
  m_PrefabInternal: {fileID: 0}
  m_GameObject: {fileID: 1500643532}
  m_LocalRotation: {x: -0, y: -0, z: -0, w: 1}
  m_LocalPosition: {x: 44, y: 16.6, z: 0}
  m_LocalScale: {x: 3.763998, y: 44.79612, z: 1}
  m_Children: []
  m_Father: {fileID: 723633050}
  m_RootOrder: 2
  m_LocalEulerAnglesHint: {x: 0, y: 0, z: 0}
--- !u!54 &1500643534
Rigidbody:
  m_ObjectHideFlags: 0
  m_PrefabParentObject: {fileID: 0}
  m_PrefabInternal: {fileID: 0}
  m_GameObject: {fileID: 1500643532}
  serializedVersion: 2
  m_Mass: 1000
  m_Drag: 0
  m_AngularDrag: 0.05
  m_UseGravity: 0
  m_IsKinematic: 1
  m_Interpolate: 0
  m_Constraints: 0
  m_CollisionDetection: 0
--- !u!65 &1500643535
BoxCollider:
  m_ObjectHideFlags: 0
  m_PrefabParentObject: {fileID: 0}
  m_PrefabInternal: {fileID: 0}
  m_GameObject: {fileID: 1500643532}
  m_Material: {fileID: 0}
  m_IsTrigger: 0
  m_Enabled: 1
  serializedVersion: 2
  m_Size: {x: 1, y: 1, z: 1}
  m_Center: {x: 0, y: 0, z: 0}
--- !u!4 &1532974685 stripped
Transform:
  m_PrefabParentObject: {fileID: 4124500948077478, guid: 6851eb42ea3dd9b418bc618f33f47ed2,
    type: 2}
  m_PrefabInternal: {fileID: 2100546575}
--- !u!4 &1571338028 stripped
Transform:
  m_PrefabParentObject: {fileID: 4124500948077478, guid: 6851eb42ea3dd9b418bc618f33f47ed2,
    type: 2}
  m_PrefabInternal: {fileID: 1210123965}
--- !u!4 &1641042613 stripped
Transform:
  m_PrefabParentObject: {fileID: 4124500948077478, guid: 6851eb42ea3dd9b418bc618f33f47ed2,
    type: 2}
  m_PrefabInternal: {fileID: 1127634016}
--- !u!1001 &1700579262
Prefab:
  m_ObjectHideFlags: 0
  serializedVersion: 2
  m_Modification:
    m_TransformParent: {fileID: 1864363326}
    m_Modifications:
    - target: {fileID: 4124500948077478, guid: 6851eb42ea3dd9b418bc618f33f47ed2, type: 2}
      propertyPath: m_LocalPosition.x
      value: -1.2999992
      objectReference: {fileID: 0}
    - target: {fileID: 4124500948077478, guid: 6851eb42ea3dd9b418bc618f33f47ed2, type: 2}
      propertyPath: m_LocalPosition.y
      value: -9.1
      objectReference: {fileID: 0}
    - target: {fileID: 4124500948077478, guid: 6851eb42ea3dd9b418bc618f33f47ed2, type: 2}
      propertyPath: m_LocalPosition.z
      value: 0
      objectReference: {fileID: 0}
    - target: {fileID: 4124500948077478, guid: 6851eb42ea3dd9b418bc618f33f47ed2, type: 2}
      propertyPath: m_LocalRotation.x
      value: -0
      objectReference: {fileID: 0}
    - target: {fileID: 4124500948077478, guid: 6851eb42ea3dd9b418bc618f33f47ed2, type: 2}
      propertyPath: m_LocalRotation.y
      value: -0
      objectReference: {fileID: 0}
    - target: {fileID: 4124500948077478, guid: 6851eb42ea3dd9b418bc618f33f47ed2, type: 2}
      propertyPath: m_LocalRotation.z
      value: -0
      objectReference: {fileID: 0}
    - target: {fileID: 4124500948077478, guid: 6851eb42ea3dd9b418bc618f33f47ed2, type: 2}
      propertyPath: m_LocalRotation.w
      value: 1
      objectReference: {fileID: 0}
    - target: {fileID: 4124500948077478, guid: 6851eb42ea3dd9b418bc618f33f47ed2, type: 2}
      propertyPath: m_RootOrder
      value: 22
      objectReference: {fileID: 0}
    - target: {fileID: 1788913794834788, guid: 6851eb42ea3dd9b418bc618f33f47ed2, type: 2}
      propertyPath: m_Name
      value: Invader (22)
      objectReference: {fileID: 0}
    - target: {fileID: 4124500948077478, guid: 6851eb42ea3dd9b418bc618f33f47ed2, type: 2}
      propertyPath: m_LocalScale.x
      value: 2.38327
      objectReference: {fileID: 0}
    - target: {fileID: 4124500948077478, guid: 6851eb42ea3dd9b418bc618f33f47ed2, type: 2}
      propertyPath: m_LocalScale.y
      value: 2.38327
      objectReference: {fileID: 0}
    - target: {fileID: 4124500948077478, guid: 6851eb42ea3dd9b418bc618f33f47ed2, type: 2}
      propertyPath: m_LocalScale.z
      value: 2.38327
      objectReference: {fileID: 0}
    m_RemovedComponents: []
  m_ParentPrefab: {fileID: 100100000, guid: 6851eb42ea3dd9b418bc618f33f47ed2, type: 2}
  m_IsPrefabParent: 0
--- !u!1001 &1749120053
Prefab:
  m_ObjectHideFlags: 0
  serializedVersion: 2
  m_Modification:
    m_TransformParent: {fileID: 1864363326}
    m_Modifications:
    - target: {fileID: 4124500948077478, guid: 6851eb42ea3dd9b418bc618f33f47ed2, type: 2}
      propertyPath: m_LocalPosition.x
      value: -16.5
      objectReference: {fileID: 0}
    - target: {fileID: 4124500948077478, guid: 6851eb42ea3dd9b418bc618f33f47ed2, type: 2}
      propertyPath: m_LocalPosition.y
      value: -4.4
      objectReference: {fileID: 0}
    - target: {fileID: 4124500948077478, guid: 6851eb42ea3dd9b418bc618f33f47ed2, type: 2}
      propertyPath: m_LocalPosition.z
      value: 0
      objectReference: {fileID: 0}
    - target: {fileID: 4124500948077478, guid: 6851eb42ea3dd9b418bc618f33f47ed2, type: 2}
      propertyPath: m_LocalRotation.x
      value: -0
      objectReference: {fileID: 0}
    - target: {fileID: 4124500948077478, guid: 6851eb42ea3dd9b418bc618f33f47ed2, type: 2}
      propertyPath: m_LocalRotation.y
      value: -0
      objectReference: {fileID: 0}
    - target: {fileID: 4124500948077478, guid: 6851eb42ea3dd9b418bc618f33f47ed2, type: 2}
      propertyPath: m_LocalRotation.z
      value: -0
      objectReference: {fileID: 0}
    - target: {fileID: 4124500948077478, guid: 6851eb42ea3dd9b418bc618f33f47ed2, type: 2}
      propertyPath: m_LocalRotation.w
      value: 1
      objectReference: {fileID: 0}
    - target: {fileID: 4124500948077478, guid: 6851eb42ea3dd9b418bc618f33f47ed2, type: 2}
      propertyPath: m_RootOrder
      value: 11
      objectReference: {fileID: 0}
    - target: {fileID: 1788913794834788, guid: 6851eb42ea3dd9b418bc618f33f47ed2, type: 2}
      propertyPath: m_Name
      value: Invader (11)
      objectReference: {fileID: 0}
    - target: {fileID: 4124500948077478, guid: 6851eb42ea3dd9b418bc618f33f47ed2, type: 2}
      propertyPath: m_LocalScale.x
      value: 2.38327
      objectReference: {fileID: 0}
    - target: {fileID: 4124500948077478, guid: 6851eb42ea3dd9b418bc618f33f47ed2, type: 2}
      propertyPath: m_LocalScale.y
      value: 2.38327
      objectReference: {fileID: 0}
    - target: {fileID: 4124500948077478, guid: 6851eb42ea3dd9b418bc618f33f47ed2, type: 2}
      propertyPath: m_LocalScale.z
      value: 2.38327
      objectReference: {fileID: 0}
    m_RemovedComponents: []
  m_ParentPrefab: {fileID: 100100000, guid: 6851eb42ea3dd9b418bc618f33f47ed2, type: 2}
  m_IsPrefabParent: 0
--- !u!1001 &1768152273
Prefab:
  m_ObjectHideFlags: 0
  serializedVersion: 2
  m_Modification:
    m_TransformParent: {fileID: 1864363326}
    m_Modifications:
    - target: {fileID: 4124500948077478, guid: 6851eb42ea3dd9b418bc618f33f47ed2, type: 2}
      propertyPath: m_LocalPosition.x
      value: 4.1
      objectReference: {fileID: 0}
    - target: {fileID: 4124500948077478, guid: 6851eb42ea3dd9b418bc618f33f47ed2, type: 2}
      propertyPath: m_LocalPosition.y
      value: -4.3999996
      objectReference: {fileID: 0}
    - target: {fileID: 4124500948077478, guid: 6851eb42ea3dd9b418bc618f33f47ed2, type: 2}
      propertyPath: m_LocalPosition.z
      value: 0
      objectReference: {fileID: 0}
    - target: {fileID: 4124500948077478, guid: 6851eb42ea3dd9b418bc618f33f47ed2, type: 2}
      propertyPath: m_LocalRotation.x
      value: -0
      objectReference: {fileID: 0}
    - target: {fileID: 4124500948077478, guid: 6851eb42ea3dd9b418bc618f33f47ed2, type: 2}
      propertyPath: m_LocalRotation.y
      value: -0
      objectReference: {fileID: 0}
    - target: {fileID: 4124500948077478, guid: 6851eb42ea3dd9b418bc618f33f47ed2, type: 2}
      propertyPath: m_LocalRotation.z
      value: -0
      objectReference: {fileID: 0}
    - target: {fileID: 4124500948077478, guid: 6851eb42ea3dd9b418bc618f33f47ed2, type: 2}
      propertyPath: m_LocalRotation.w
      value: 1
      objectReference: {fileID: 0}
    - target: {fileID: 4124500948077478, guid: 6851eb42ea3dd9b418bc618f33f47ed2, type: 2}
      propertyPath: m_RootOrder
      value: 15
      objectReference: {fileID: 0}
    - target: {fileID: 1788913794834788, guid: 6851eb42ea3dd9b418bc618f33f47ed2, type: 2}
      propertyPath: m_Name
      value: Invader (15)
      objectReference: {fileID: 0}
    - target: {fileID: 4124500948077478, guid: 6851eb42ea3dd9b418bc618f33f47ed2, type: 2}
      propertyPath: m_LocalScale.x
      value: 2.38327
      objectReference: {fileID: 0}
    - target: {fileID: 4124500948077478, guid: 6851eb42ea3dd9b418bc618f33f47ed2, type: 2}
      propertyPath: m_LocalScale.y
      value: 2.38327
      objectReference: {fileID: 0}
    - target: {fileID: 4124500948077478, guid: 6851eb42ea3dd9b418bc618f33f47ed2, type: 2}
      propertyPath: m_LocalScale.z
      value: 2.38327
      objectReference: {fileID: 0}
    m_RemovedComponents: []
  m_ParentPrefab: {fileID: 100100000, guid: 6851eb42ea3dd9b418bc618f33f47ed2, type: 2}
  m_IsPrefabParent: 0
--- !u!4 &1779039627 stripped
Transform:
  m_PrefabParentObject: {fileID: 4124500948077478, guid: 6851eb42ea3dd9b418bc618f33f47ed2,
    type: 2}
  m_PrefabInternal: {fileID: 1373841862}
--- !u!4 &1788789548 stripped
Transform:
  m_PrefabParentObject: {fileID: 4124500948077478, guid: 6851eb42ea3dd9b418bc618f33f47ed2,
    type: 2}
  m_PrefabInternal: {fileID: 853545843}
--- !u!1 &1864363325
GameObject:
  m_ObjectHideFlags: 0
  m_PrefabParentObject: {fileID: 0}
  m_PrefabInternal: {fileID: 0}
  serializedVersion: 5
  m_Component:
  - component: {fileID: 1864363326}
  - component: {fileID: 1864363327}
  m_Layer: 0
  m_Name: InvaderManager
  m_TagString: Untagged
  m_Icon: {fileID: 0}
  m_NavMeshLayer: 0
  m_StaticEditorFlags: 0
  m_IsActive: 1
--- !u!4 &1864363326
Transform:
  m_ObjectHideFlags: 0
  m_PrefabParentObject: {fileID: 0}
  m_PrefabInternal: {fileID: 0}
  m_GameObject: {fileID: 1864363325}
  m_LocalRotation: {x: 0, y: 0, z: 0, w: 1}
  m_LocalPosition: {x: 0, y: 12.6, z: 0}
  m_LocalScale: {x: 1, y: 1, z: 1}
  m_Children:
  - {fileID: 327831296}
  - {fileID: 1919492871}
  - {fileID: 86573937}
  - {fileID: 435004276}
  - {fileID: 1195655560}
  - {fileID: 1532974685}
  - {fileID: 1027231493}
  - {fileID: 1779039627}
  - {fileID: 1788789548}
  - {fileID: 107744739}
  - {fileID: 347630469}
  - {fileID: 212964567}
  - {fileID: 186445909}
  - {fileID: 856963668}
  - {fileID: 1571338028}
  - {fileID: 978825151}
  - {fileID: 487892106}
  - {fileID: 2125601818}
  - {fileID: 1973569369}
  - {fileID: 440906858}
  - {fileID: 1641042613}
  - {fileID: 2142148284}
  - {fileID: 480146068}
  - {fileID: 119508578}
  m_Father: {fileID: 0}
  m_RootOrder: 4
  m_LocalEulerAnglesHint: {x: 0, y: 0, z: 0}
--- !u!114 &1864363327
MonoBehaviour:
  m_ObjectHideFlags: 0
  m_PrefabParentObject: {fileID: 0}
  m_PrefabInternal: {fileID: 0}
  m_GameObject: {fileID: 1864363325}
  m_Enabled: 1
  m_EditorHideFlags: 0
  m_Script: {fileID: 11500000, guid: 291df68d25b8787489a2a748406e2901, type: 3}
  m_Name: 
  m_EditorClassIdentifier: 
  m_XAtLeftEdgeOfScreen: -30
  m_XAtRightEdgeOfScreen: 30
  m_InvaderMoveRate: {x: 5, y: 0, z: 0}
  m_MoveDownAtEdgeAmount: -0.5
  m_MoveDownLerpTime: 0.2
--- !u!1 &1885926012
GameObject:
  m_ObjectHideFlags: 0
  m_PrefabParentObject: {fileID: 0}
  m_PrefabInternal: {fileID: 0}
  serializedVersion: 5
  m_Component:
  - component: {fileID: 1885926016}
  - component: {fileID: 1885926015}
  - component: {fileID: 1885926014}
  - component: {fileID: 1885926013}
  m_Layer: 0
  m_Name: Main Camera
  m_TagString: MainCamera
  m_Icon: {fileID: 0}
  m_NavMeshLayer: 0
  m_StaticEditorFlags: 0
  m_IsActive: 1
--- !u!81 &1885926013
AudioListener:
  m_ObjectHideFlags: 0
  m_PrefabParentObject: {fileID: 0}
  m_PrefabInternal: {fileID: 0}
  m_GameObject: {fileID: 1885926012}
  m_Enabled: 1
--- !u!124 &1885926014
Behaviour:
  m_ObjectHideFlags: 0
  m_PrefabParentObject: {fileID: 0}
  m_PrefabInternal: {fileID: 0}
  m_GameObject: {fileID: 1885926012}
  m_Enabled: 1
--- !u!20 &1885926015
Camera:
  m_ObjectHideFlags: 0
  m_PrefabParentObject: {fileID: 0}
  m_PrefabInternal: {fileID: 0}
  m_GameObject: {fileID: 1885926012}
  m_Enabled: 1
  serializedVersion: 2
  m_ClearFlags: 2
  m_BackGroundColor: {r: 0, g: 0, b: 0, a: 0}
  m_NormalizedViewPortRect:
    serializedVersion: 2
    x: 0
    y: 0
    width: 1
    height: 1
  near clip plane: 0.3
  far clip plane: 1000
  field of view: 60
  orthographic: 1
  orthographic size: 19.5
  m_Depth: -1
  m_CullingMask:
    serializedVersion: 2
    m_Bits: 4294967295
  m_RenderingPath: -1
  m_TargetTexture: {fileID: 0}
  m_TargetDisplay: 0
  m_TargetEye: 3
  m_HDR: 1
  m_AllowMSAA: 1
  m_AllowDynamicResolution: 0
  m_ForceIntoRT: 0
  m_OcclusionCulling: 1
  m_StereoConvergence: 10
  m_StereoSeparation: 0.022
--- !u!4 &1885926016
Transform:
  m_ObjectHideFlags: 0
  m_PrefabParentObject: {fileID: 0}
  m_PrefabInternal: {fileID: 0}
  m_GameObject: {fileID: 1885926012}
  m_LocalRotation: {x: 0, y: 0, z: 0, w: 1}
  m_LocalPosition: {x: 0, y: 0, z: -20}
  m_LocalScale: {x: 1, y: 1, z: 1}
  m_Children:
  - {fileID: 151580937}
  m_Father: {fileID: 0}
  m_RootOrder: 0
  m_LocalEulerAnglesHint: {x: 0, y: 0, z: 0}
--- !u!1 &1888614902
GameObject:
  m_ObjectHideFlags: 0
  m_PrefabParentObject: {fileID: 0}
  m_PrefabInternal: {fileID: 0}
  serializedVersion: 5
  m_Component:
  - component: {fileID: 1888614904}
  - component: {fileID: 1888614903}
  m_Layer: 0
  m_Name: LaserManager
  m_TagString: Untagged
  m_Icon: {fileID: 0}
  m_NavMeshLayer: 0
  m_StaticEditorFlags: 0
  m_IsActive: 1
--- !u!114 &1888614903
MonoBehaviour:
  m_ObjectHideFlags: 0
  m_PrefabParentObject: {fileID: 0}
  m_PrefabInternal: {fileID: 0}
  m_GameObject: {fileID: 1888614902}
  m_Enabled: 1
  m_EditorHideFlags: 0
  m_Script: {fileID: 11500000, guid: 0d5ad04834a5fbd42b55fd2412afdf49, type: 3}
  m_Name: 
  m_EditorClassIdentifier: 
  m_LaserPrefab: {fileID: 1656313122387438, guid: a31b8b5212422174f89a57c3ea21b677,
    type: 2}
--- !u!4 &1888614904
Transform:
  m_ObjectHideFlags: 0
  m_PrefabParentObject: {fileID: 0}
  m_PrefabInternal: {fileID: 0}
  m_GameObject: {fileID: 1888614902}
  m_LocalRotation: {x: 0, y: 0, z: 0, w: 1}
  m_LocalPosition: {x: 0, y: 0, z: 0}
  m_LocalScale: {x: 1, y: 1, z: 1}
  m_Children: []
  m_Father: {fileID: 0}
  m_RootOrder: 3
  m_LocalEulerAnglesHint: {x: 0, y: 0, z: 0}
--- !u!4 &1919492871 stripped
Transform:
  m_PrefabParentObject: {fileID: 4124500948077478, guid: 6851eb42ea3dd9b418bc618f33f47ed2,
    type: 2}
  m_PrefabInternal: {fileID: 1308473847}
--- !u!4 &1973569369 stripped
Transform:
  m_PrefabParentObject: {fileID: 4124500948077478, guid: 6851eb42ea3dd9b418bc618f33f47ed2,
    type: 2}
  m_PrefabInternal: {fileID: 88376548}
--- !u!1001 &2100546575
Prefab:
  m_ObjectHideFlags: 0
  serializedVersion: 2
  m_Modification:
    m_TransformParent: {fileID: 1864363326}
    m_Modifications:
    - target: {fileID: 4124500948077478, guid: 6851eb42ea3dd9b418bc618f33f47ed2, type: 2}
      propertyPath: m_LocalPosition.x
      value: -6.299999
      objectReference: {fileID: 0}
    - target: {fileID: 4124500948077478, guid: 6851eb42ea3dd9b418bc618f33f47ed2, type: 2}
      propertyPath: m_LocalPosition.y
      value: 0
      objectReference: {fileID: 0}
    - target: {fileID: 4124500948077478, guid: 6851eb42ea3dd9b418bc618f33f47ed2, type: 2}
      propertyPath: m_LocalPosition.z
      value: 0
      objectReference: {fileID: 0}
    - target: {fileID: 4124500948077478, guid: 6851eb42ea3dd9b418bc618f33f47ed2, type: 2}
      propertyPath: m_LocalRotation.x
      value: -0
      objectReference: {fileID: 0}
    - target: {fileID: 4124500948077478, guid: 6851eb42ea3dd9b418bc618f33f47ed2, type: 2}
      propertyPath: m_LocalRotation.y
      value: -0
      objectReference: {fileID: 0}
    - target: {fileID: 4124500948077478, guid: 6851eb42ea3dd9b418bc618f33f47ed2, type: 2}
      propertyPath: m_LocalRotation.z
      value: -0
      objectReference: {fileID: 0}
    - target: {fileID: 4124500948077478, guid: 6851eb42ea3dd9b418bc618f33f47ed2, type: 2}
      propertyPath: m_LocalRotation.w
      value: 1
      objectReference: {fileID: 0}
    - target: {fileID: 4124500948077478, guid: 6851eb42ea3dd9b418bc618f33f47ed2, type: 2}
      propertyPath: m_RootOrder
      value: 5
      objectReference: {fileID: 0}
    - target: {fileID: 1788913794834788, guid: 6851eb42ea3dd9b418bc618f33f47ed2, type: 2}
      propertyPath: m_Name
      value: Invader (5)
      objectReference: {fileID: 0}
    - target: {fileID: 4124500948077478, guid: 6851eb42ea3dd9b418bc618f33f47ed2, type: 2}
      propertyPath: m_LocalScale.x
      value: 2.38327
      objectReference: {fileID: 0}
    - target: {fileID: 4124500948077478, guid: 6851eb42ea3dd9b418bc618f33f47ed2, type: 2}
      propertyPath: m_LocalScale.y
      value: 2.38327
      objectReference: {fileID: 0}
    - target: {fileID: 4124500948077478, guid: 6851eb42ea3dd9b418bc618f33f47ed2, type: 2}
      propertyPath: m_LocalScale.z
      value: 2.38327
      objectReference: {fileID: 0}
    m_RemovedComponents: []
  m_ParentPrefab: {fileID: 100100000, guid: 6851eb42ea3dd9b418bc618f33f47ed2, type: 2}
  m_IsPrefabParent: 0
--- !u!1001 &2122460909
Prefab:
  m_ObjectHideFlags: 0
  serializedVersion: 2
  m_Modification:
    m_TransformParent: {fileID: 1864363326}
    m_Modifications:
    - target: {fileID: 4124500948077478, guid: 6851eb42ea3dd9b418bc618f33f47ed2, type: 2}
      propertyPath: m_LocalPosition.x
      value: -21.9
      objectReference: {fileID: 0}
    - target: {fileID: 4124500948077478, guid: 6851eb42ea3dd9b418bc618f33f47ed2, type: 2}
      propertyPath: m_LocalPosition.y
      value: 0
      objectReference: {fileID: 0}
    - target: {fileID: 4124500948077478, guid: 6851eb42ea3dd9b418bc618f33f47ed2, type: 2}
      propertyPath: m_LocalPosition.z
      value: 0
      objectReference: {fileID: 0}
    - target: {fileID: 4124500948077478, guid: 6851eb42ea3dd9b418bc618f33f47ed2, type: 2}
      propertyPath: m_LocalRotation.x
      value: -0
      objectReference: {fileID: 0}
    - target: {fileID: 4124500948077478, guid: 6851eb42ea3dd9b418bc618f33f47ed2, type: 2}
      propertyPath: m_LocalRotation.y
      value: -0
      objectReference: {fileID: 0}
    - target: {fileID: 4124500948077478, guid: 6851eb42ea3dd9b418bc618f33f47ed2, type: 2}
      propertyPath: m_LocalRotation.z
      value: -0
      objectReference: {fileID: 0}
    - target: {fileID: 4124500948077478, guid: 6851eb42ea3dd9b418bc618f33f47ed2, type: 2}
      propertyPath: m_LocalRotation.w
      value: 1
      objectReference: {fileID: 0}
    - target: {fileID: 4124500948077478, guid: 6851eb42ea3dd9b418bc618f33f47ed2, type: 2}
      propertyPath: m_RootOrder
      value: 2
      objectReference: {fileID: 0}
    - target: {fileID: 1788913794834788, guid: 6851eb42ea3dd9b418bc618f33f47ed2, type: 2}
      propertyPath: m_Name
      value: Invader (2)
      objectReference: {fileID: 0}
    - target: {fileID: 4124500948077478, guid: 6851eb42ea3dd9b418bc618f33f47ed2, type: 2}
      propertyPath: m_LocalScale.x
      value: 2.38327
      objectReference: {fileID: 0}
    - target: {fileID: 4124500948077478, guid: 6851eb42ea3dd9b418bc618f33f47ed2, type: 2}
      propertyPath: m_LocalScale.y
      value: 2.38327
      objectReference: {fileID: 0}
    - target: {fileID: 4124500948077478, guid: 6851eb42ea3dd9b418bc618f33f47ed2, type: 2}
      propertyPath: m_LocalScale.z
      value: 2.38327
      objectReference: {fileID: 0}
    m_RemovedComponents: []
  m_ParentPrefab: {fileID: 100100000, guid: 6851eb42ea3dd9b418bc618f33f47ed2, type: 2}
  m_IsPrefabParent: 0
--- !u!4 &2125601818 stripped
Transform:
  m_PrefabParentObject: {fileID: 4124500948077478, guid: 6851eb42ea3dd9b418bc618f33f47ed2,
    type: 2}
  m_PrefabInternal: {fileID: 671398522}
--- !u!4 &2142148284 stripped
Transform:
  m_PrefabParentObject: {fileID: 4124500948077478, guid: 6851eb42ea3dd9b418bc618f33f47ed2,
    type: 2}
  m_PrefabInternal: {fileID: 976419813}
